2836 4986
259 467 298 534 16
527 469 566 533 P.
600 467 781 536 OVIDII
807 466 1034 537 NASONIS

251 603 500 711 Multipliciqne
518 607 638 698 domo,
656 610 814 711 caecisqne
831 609 999 684 includere
1018 609 1126 685 tectis.

251 725 427 813 Dadalue,
446 725 580 822 ingenio
597 725 698 800 sabra
715 725 1062 812 celeberrimusartis,

251 840 354 916 Ponit
369 869 473 943 opus,
492 841 671 943 turbatque
688 860 805 930 notas,
825 859 858 914 et
873 841 999 916 lumina
1014 841 1137 916 llexum

251 958 356 1032 Ducit
372 956 406 1030 in
423 985 567 1032 errorem
584 957 747 1030 variarum
762 958 899 1052 ambage
915 937 1052 1032 viarum.

250 1075 330 1149 Non
347 1101 442 1149 secus
458 1103 494 1148 ac
511 1073 661 1174 liquidus
678 1073 834 1174 Phrygiis
852 1073 1042 1147 Maeandros
1059 1074 1096 1146 in
1113 1074 1198 1148 arvis

1276 865 1329 918 16o

286 1262 618 1328 158.Multrpl1‘ciquedomo.
628 1268 676 1311 etc.
685 1258 760 1326 lnge·
809 1269 910 1326 tectus,
930 1269 960 1312 ut
981 1269 1008 1313 et
1026 1279 1106 1330 opera
1128 1259 1248 1330 quaedam
1267 1263 1326 1316 mi·

250 1338 395 1393 niosissima
401 1337 541 1407 descriptio
547 1333 762 1408 labyrinthiCre·
809 1335 892 1388 rande
901 1337 1031 1404 effecerit,
1045 1347 1242 1406 etstntuasquae
1252 1341 1326 1409 aspi-

250 1418 349 1482 tensis,
367 1417 395 1469 in
415 1435 467 1486 qua
485 1425 546 1467 ante
562 1413 651 1466 oculos
669 1411 762 1467 habuit
810 1433 886 1480 cere,
899 1415 1107 1484 ambulareque,
1127 1426 1154 1468 et
1165 1416 1263 1484 spirare
1280 1419 1326 1470 vi-

251 1494 411 1560 AEneidem,
433 1493 475 1558 V,
491 1493 539 1545 588
551 1510 606 1560 sqq.
621 1489 723 1542 Confer
735 1499 762 1542 et
810 1491 961 1556 debentur,
982 1491 1133 1556 effinxerit3
1157 1503 1234 1561 atque
1258 1493 1325 1548 hinc

253 1574 410 1639 Catullum,
433 1571 513 1636 LXI,
538 1590 600 1631 rra;
624 1567 760 1634 Plinium,
809 1571 933 1622 Daedalea
949 1580 1043 1623 vocant
1055 1569 1140 1623 Graeci
1154 1589 1235 1641 opera
1249 1576 1327 1626 αὐτό-

251 1653 390 1719 xxxvl,
411 1651 441 1703 13
454 1672 461 1714 ;
481 1647 649 1714 Diodorum,
671 1648 698 1712 1,
720 1647 761 1698 tir.
810 1673 874 1716 ματα
887 1667 893 1700 :
905 1647 955 1701 hoc
962 1659 1018 1715 est,
1032 1667 1090 1716 que
1098 1659 1191 1718 sponte
1202 1668 1249 1702 sua
1260 1669 1326 1702 mo-

251 1731 381 1786 Strurisse
399 1727 539 1782 Daedalum
559 1725 609 1782 hoc
620 1723 762 1778 edificium
810 1736 923 1791 ventur,
945 1736 990 1778 aut
1008 1745 1102 1779 vocem
1119 1725 1210 1779 edunt
1228 1730 1327 1780 Ed.-

253 1811 287 1866 ad
298 1808 431 1879 exemplar
447 1805 596 1878 Egyptiaci
610 1804 698 1870 itlius,
715 1801 762 1855 sed
809 1806 895 1856 Fabra
906 1822 964 1866 urs,
977 1803 1158 1857 architectura.
1171 1832 1206 1844 -
1217 1808 1326 1874 Ingentis

252 1890 425 1946 centesimam
448 1897 554 1940 tantum
580 1886 636 1952 ejus
659 1893 762 1953 partem

253 1969 387 2022 imitatum
399 1984 470 2030 esse,
492 1982 550 2033 quae
562 1963 690 2015 itinerum
707 1980 763 2014 am-

251 2051 519 2119 bages,occursusque
528 2054 555 2098 et
562 2062 682 2097 recursus
688 2042 764 2094 inex-

254 2125 384 2197 plicabiles
400 2123 565 2188 contineret,
584 2121 681 2174 crebris
693 2119 763 2172 sori-

254 2206 302 2258 bus
318 2201 408 2256 inditis
426 2199 459 2254 ad
477 2198 604 2253 fallendos
620 2217 764 2262 occursus,

254 2279 475 2348 redeundumque
486 2278 514 2330 in
527 2295 630 2330 errores
640 2275 763 2339 eosdem,

254 2369 346 2414 auctor
362 2367 401 2411 est
415 2355 533 2423 Plinius,
547 2355 617 2424 dicto
631 2354 697 2407 loco.
710 2351 764 2407 Sed

254 2457 337 2507 quum
353 2453 435 2489 nemo
454 2435 586 2488 Veterum
602 2432 654 2486 hoc
665 2449 765 2484 monu-

254 2525 378 2569 mentum
391 2514 445 2583 ipse
461 2511 573 2578 viderit,
596 2529 683 2580 neque
703 2509 765 2560 Ho-

254 2612 365 2659 merus,
382 2592 428 2660 qui
445 2609 512 2658 saepe
530 2588 640 2642 Cretam
656 2587 763 2652 laudat,

255 2672 313 2740 ejus
324 2668 490 2722 mentionem
500 2666 590 2719 lecerit
602 2706 609 2732 ,
625 2685 707 2734 quum
716 2665 765 2716 de-

255 2750 336 2818 nique
348 2765 442 2816 parum
454 2743 579 2798 credibile
591 2744 639 2810 sit,
654 2745 709 2812 jam
721 2760 765 2795 an·

255 2824 405 2897 tiquissimis
416 2821 578 2890 temporibus
587 2821 637 2874 tale
646 2830 766 2873 tanturn-

255 2926 306 2977 que
316 2903 456 2960 aedificium
464 2921 518 2955 esse
527 2910 700 2966 exstructum,
709 2918 765 2952 non

255 2987 347 3041 dubito
359 2981 481 3037 accedere
495 2979 633 3034 sententiae
647 2978 765 3032 Cedreni

255 3077 283 3121 et
294 3061 439 3127 Eustathii,
453 3078 511 3128 quae
521 3057 677 3112 confirmata
685 3057 765 3110 etiam

255 3155 316 3198 esta
328 3137 486 3206 Teumeson,
501 3139 601 3206 Voyage
609 3139 642 3188 du
652 3137 764 3200 heaut,

256 3233 322 3274 tom.
334 3219 363 3285 l,
376 3237 401 3287 p.
416 3215 449 3268 65
462 3234 469 3268 ι
485 3213 562 3267 fuisse
576 3231 673 3282 nempe
686 3211 765 3284 laby-

256 3297 377 3354 rinthum
385 3293 460 3347 illum
468 3291 535 3344 nihil
545 3289 614 3343 aliud
624 3330 631 3357 ,
644 3288 695 3342 ni‘si
705 3309 767 3358 spe·

254 3379 361 3434 luncam
383 3374 583 3429 subterraneam
597 3389 658 3424 cum
676 3370 766 3422 multis

256 3453 407 3526 ambagibus
416 3491 423 3518 ,
433 3451 461 3504 in
471 3469 522 3519 qua
530 3469 571 3502 ars
578 3447 708 3517 adjuverit
716 3467 766 3499 na-

256 3545 353 3587 turam.
369 3530 478 3586 Confer.
493 3531 604 3596 Goguet,
619 3547 668 3580 voa
681 3527 766 3592 Isrspr.

257 3609 282 3666 ul
298 3615 417 3675 Gesctze,
429 3620 493 3662 tom.
502 3609 546 3676 ll,
563 3627 589 3678 p.
603 3608 697 3661 185.-
711 3609 767 3660 Do·

257 3711 313 3746 mus
325 3695 462 3758 multiplex.
480 3688 677 3759 Apollodorus,
695 3685 766 3740 dicto

257 3753 332 3837 lob0,
351 3777 436 3836 οἴκημα
446 3780 547 3837 καμπαῖς
558 3771 701 3826 salveldense
708 3773 767 3818 nle-

258 3860 302 3903 νῶν
319 3855 360 3911 τὴν
373 3851 457 3914 ἰ’ξοθον.
470 3873 503 3885 -
517 3848 611 3907 Cecrt,
632 3844 767 3912 inquibus

258 3927 346 3982 nullus
361 3934 519 3996 prospectus.
536 3923 677 3994 Virgilius,
696 3921 766 3976 dicto

257 4005 333 4071 loce,
346 4009 421 4057 caecr's
431 4005 588 4069 parietibus:

293 4085 347 4154 159.
359 4082 496 4141 Daedalus,
511 4097 607 4147 genere
617 4077 768 4131 Athenien-

257 4163 307 4230 sis,
325 4181 356 4215 ex
365 4161 396 4216 iis
407 4178 476 4214 unus
489 4159 534 4228 qui
545 4160 702 4212 Erechthida
713 4177 767 4210 vo-

257 4253 368 4312 cantur,
386 4240 451 4296 adeo
464 4238 603 4310 praeclarus
614 4237 664 4301 suit
680 4237 767 4294 arehi-

810 1885 887 1942 artis,
905 1881 952 1947 iis,
965 1899 1023 1950 quae
1034 1879 1168 1950 ingeniose
1178 1883 1281 1936 invenit
1293 1883 1326 1936 in

811 1979 841 2012 ea
849 1969 913 2012 arte.
922 1959 1050 2012 Similiter
1059 1979 1140 2029 prope
1151 1959 1251 2012 Plinius
1259 2001 1266 2027 ,
1273 1981 1327 2030 pa-

811 2057 902 2110 negyr.
915 2055 996 2104 xurx,
1017 2059 1046 2109 7,
1067 2043 1319 2106 rugeniucoenurum,

811 2117 857 2169 ubi
870 2115 929 2169 ride
942 2126 1060 2170 notas-
1065 2119 1161 2169 Turba!
1170 2126 1257 2179 nolas,
1271 2119 1325 2171 sci-

809 2196 870 2248 licet
889 2195 1008 2261 viarum,
1026 2192 1165 2248 confundit
1184 2213 1244 2261 eas,
1265 2215 1324 2248 non

810 2293 869 2328 suas
880 2273 974 2342 cuique
988 2272 1033 2325 dat
1047 2282 1122 2326 notas
1136 2312 1144 2339 ,
1164 2271 1210 2326 sed
1227 2277 1324 2328 omni-

810 2347 859 2402 bus
871 2348 983 2402 easdem.
997 2348 1069 2402 Hinc
1077 2347 1194 2418 dignosci
1205 2369 1261 2402 non
1271 2369 1324 2419 po-

811 2438 907 2482 terant.
928 2427 1073 2497 Virgilius,
1092 2427 1162 2481 dieto
1182 2429 1240 2482 loco
1254 2449 1324 2498 :qua

810 2512 885 2576 sigua
899 2509 1020 2576 sequendi
1033 2509 1141 2560 Fallere!
1158 2509 1323 2575 rudeprensus

809 2595 836 2639 e!
847 2587 1009 2638 irremeabilis
1020 2603 1093 2637 error.
1100 2611 1133 2624 -
1142 2587 1259 2647 Herum,
1273 2605 1325 2654 pro

811 2664 911 2733 vulgari
920 2665 1008 2732 stema,
1027 2681 1041 2715 e
1060 2663 1215 2715 Florentino
1232 2663 1324 2717 Sancti

813 2742 915 2808 Marci,
932 2739 1049 2795 secundo
1062 2741 1199 2809 Palatino,
1215 2743 1325 2811 Neapo-

811 2820 908 2886 litano,
925 2819 1042 2888 Spirensi
1053 2830 1080 2872 et
1093 2819 1175 2872 tribus
1187 2819 1241 2872 aliis
1250 2819 1325 2874 dedit

813 2899 954 2957 Heinsius:
966 2897 1019 2951 duo
1027 2908 1128 2952 veteres
1136 2901 1233 2967 ,ficum
1245 2917 1326 2952 nem-

812 2999 866 3048 pe,
886 2982 999 3046 ambage.
1021 2977 1097 3047 Regii
1121 2976 1226 3048 nostri,
1247 2982 1327 3044 flexu.

812 3084 845 3096 -
856 3059 959 3109 Flexum
975 3054 1099 3125 poetice,
1120 3054 1181 3123 quia
1200 3054 1248 3124 ipsi
1268 3073 1326 3108 an-

812 3137 924 3201 fractus,
941 3137 1075 3201 ambages,
1096 3131 1164 3187 lieri.
1180 3131 1324 3202 Virgilius:

812 3221 866 3283 epse
879 3217 951 3268 dolos
963 3214 1024 3268 tecti
1040 3217 1204 3283 ambagesque
1214 3219 1326 3268 resolvit.

849 3295 901 3350 rba.
915 3297 1038 3364 Lr'qur'dus
1049 3297 1167 3366 Phrygiis
1178 3303 1225 3347 etc.
1244 3293 1326 3347 Prior

814 3373 959 3427 Twisdenii
978 3375 1087 3440 Ir'quriios
1105 3375 1230 3443 Phrygius
1242 3373 1280 3423 M
1297 3379 1326 3426 r'u

813 3469 905 3516 arcus,·
920 3451 947 3504 id
958 3462 1013 3518 est,
1028 3462 1132 3504 arcuata
1149 3451 1325 3520 curvamina,

814 3531 884 3602 quod
901 3531 984 3601 placet
995 3531 1115 3584 Heinsio.
1127 3531 1267 3600 —Regius
1282 3531 1327 3599 A,

813 3613 915 3677 l1'qur'dr's
932 3608 1058 3679 Phlygius
1069 3609 1107 3659 M,
1122 3612 1149 3660 e'n
1160 3611 1253 3674 undis,
1265 3626 1328 3676 quae

814 3687 890 3740 lectio
902 3686 1046 3756 elegantior
1066 3685 1131 3738 mihi
1144 3685 1255 3758 videntur.
1272 3688 1327 3741 Ed.

814 3792 847 3804 -
860 3763 902 3817 De
914 3765 1042 3816 Moeaudrr'
1049 3763 1147 3816 lusibus
1160 3763 1219 3815 vide
1230 3761 1262 3815 ad
1277 3763 1326 3831 ll,

815 3842 863 3909 246
874 3863 880 3906 ;
892 3853 918 3895 et
930 3842 1029 3896 confer.
1041 3840 1160 3908 Seneca,
1175 3841 1256 3893 Herc.
1272 3839 1327 3893 sur.

814 3921 879 3984 683;
892 3919 1062 3984 Phoen.605;
1077 3918 1174 3984 Silius,
1189 3917 1254 3984 Vll,
1269 3919 1330 3991 139.

815 3998 931 4064 Seneca,
944 3997 1032 4067 priore
1039 3997 1113 4050 loco:
1125 3999 1216 4062 Qualis
1221 4001 1331 4049 mcertis

815 4097 896 4146 vagus
907 4079 1037 4130 Maeander
1044 4079 1120 4130 undis
1129 4086 1212 4136 errat,
1223 4078 1293 4129 ludit
1302 4087 1333 4129 ct

815 4161 883 4211 cedi!
898 4159 962 4220 sr‘br',
987 4151 1118 4224 Iustutque
1136 4159 1245 4218 dubius,
1263 4159 1331 4208 litus

814 4237 954 4306 uersantem
967 4245 1044 4304 petat.
1051 4262 1085 4276 -
1092 4237 1220 4303 Ambigua
1229 4237 1330 4303 lapsu3
