2836 4986
229 513 273 556 ao
505 489 545 553 P.
576 485 755 556 OVIDII
782 487 1015 560 NASONIS

228 631 342 730 Atque
357 628 405 701 ite
422 626 626 728 compositas
642 656 745 728 parvo
761 629 948 703 curvamine
964 629 1085 720 flectit,

229 749 279 820 Ut
294 773 386 820 veras
403 743 577 818 imitentur
594 772 669 818 aves
688 773 695 817 :
713 773 798 846 puer
814 747 928 820 icarus
943 775 1011 822 unu

229 865 367 952 Stabat;
386 879 438 951 et,
456 861 591 958 ignarus
609 889 719 936 suase
738 879 876 937 tractare
893 864 1037 965 pericla,

230 983 300 1055 Ore
317 977 501 1066 renidenti,
519 977 620 1051 modo
639 1005 721 1078 quas
737 1006 820 1073 vaga
837 997 985 1054 moverat
1002 1008 1100 1068 aura,

160 1159 163 1170 .
230 1095 396 1198 Captabat
411 1093 562 1195 plumas;
579 1093 695 1168 llavam
710 1093 812 1168 modo
830 1094 953 1196 pollice
969 1123 1075 1171 ceram

229 1211 408 1298 Mollibat,
426 1209 569 1312 lusuque
587 1239 649 1284 suo
665 1210 818 1285 mirabile
834 1213 939 1314 patris

229 1328 538 1430 impediebatopns
554 1345 756 1428 :postquam
773 1355 891 1403 manus
908 1328 1026 1404 ultima
1043 1333 1161 1434 coeptis
1254 1373 1306 1410 200

229 1444 391 1545 Imposita
407 1460 477 1532 est,
496 1442 643 1538 geminas
662 1442 775 1543 opifex
791 1442 926 1518 libravit
940 1445 976 1518 in
993 1445 1061 1520 alas
1112 1503 1114 1508 .

229 1567 306 1666 lpse
324 1591 422 1636 suum
439 1589 582 1662 corpus;
601 1578 758 1662 motaque
772 1560 933 1661 pependit
947 1561 982 1634 in
999 1591 1087 1637 eura.

229 1678 372 1754 Instruit
387 1694 422 1750 et
436 1692 572 1763 natum;
595 1673 611 1740 ἱ(
630 1675 816 1777 Medioque
833 1695 873 1750 ut
890 1676 994 1754 limite
1012 1708 1144 1771 curras,

232 1829 250 1862 »
269 1797 380 1882 lcare,
399 1793 465 1881 ait,
484 1820 630 1867 moneo:
649 1822 709 1881 ne,
731 1793 761 1866 si
778 1793 954 1869 demissior
970 1795 1058 1884 ibis,

232 1945 251 1977 >s
270 1911 377 1984 Unda'
387 1927 499 2005 gravet
516 1937 662 2012 pennas;
681 1908 710 1983 si
727 1908 868 1999 celsior,
885 1911 975 2008 ignis
991 1914 1118 1988 adurat.
1253 1937 1306 1989 205

232 2063 250 2095 »
272 2030 365 2100 Inter
382 2043 563 2126 utrumque
578 2023 653 2098 vola
667 2053 675 2098 :
690 2054 751 2112 nec
769 2044 802 2102 te
818 2046 967 2130 spectare
983 2031 1134 2119 Booten,

228 2233 292 2278 suut
306 2223 402 2278 mediae
414 2230 441 2274 et
453 2219 514 2274 ime)
529 2228 617 2290 partes
629 2239 742 2274 earrrm-
785 2243 851 2292 puer
862 2243 1008 2294 pennasque
1023 2228 1150 2286 marteres,
1173 2227 1302 2292 Nescius,

228 2306 291 2361 (lem
304 2318 462 2373 pennarum.
479 2297 524 2351 sic
537 2296 610 2350 enim
625 2297 668 2350 illa
687 2316 742 2350 vo·
789 2305 844 2356 bac
858 2305 968 2356 bumrrr's
979 2323 1053 2356 ama
1061 2312 1159 2372 parata
1170 2301 1232 2356 sart.

226 2381 319 2438 cabula
331 2381 555 2449 frequentantur:
569 2375 639 2445 apud
657 2375 741 2430 Phe·
822 2398 881 2432 sor.
896 2381 1030 2442 Lr'brarr't,
1052 2379 1189 2450 suspendit
1200 2381 1253 2448 ita,
1272 2395 1306 2436 ut

228 2460 327 2526 drum,
347 2459 390 2524 11,
408 2455 458 2510 sab.
478 2472 523 2522 ιν,
542 2454 606 2508 seles
617 2454 646 2506 in
659 2457 742 2508 media
789 2455 965 2527 aequilibrium
978 2467 1134 2514 servaretur.
1147 2459 1217 2512 Vide
1227 2460 1282 2514 adl
1295 2501 1303 2527 ,

228 2557 328 2608 quercu
347 2534 431 2604 parit,
450 2551 493 2586 sus
509 2531 631 2585 adimam
647 2533 742 2585 soetum
792 2537 830 2590 13.
844 2535 1009 2605 Quanquam
1022 2540 1115 2590 librare
1126 2547 1154 2590 et
1168 2537 1306 2607 eleganter

227 2615 303 2686 ponit
314 2625 356 2679 ;et
365 2614 474 2676 Noster,
484 2610 542 2662 Art.
552 2608 614 2661 rim.
623 2610 656 2676 46
664 2629 720 2680 sqq.
732 2629 740 2664 τ
790 2615 823 2669 de
834 2615 981 2669 volantibus
989 2613 1100 2683 dicitur,
1109 2617 1155 2685 qui
1164 2635 1258 2686 corpus
1266 2617 1305 2671 ita

226 2699 279 2748 lere
296 2713 344 2760 per
363 2695 414 2744 Ir‘rrr'
429 2693 534 2744 orcula
555 2695 634 2744 nectit
655 2707 741 2758 opus:
789 2692 871 2770 reliq
884 2711 944 2747 aera
956 2692 1070 2760 tollunt,
1082 2693 1125 2746 vel
1136 2693 1165 2746 in
1178 2693 1231 2748 alto
1243 2713 1305 2748 sus-

227 2775 331 2840 Imaque
342 2788 406 2837 pars
424 2772 489 2822 ceris
502 2770 669 2837 adstrr'aer'tur
684 2773 743 2833 igne
789 2771 884 2825 tinent.
899 2770 1043 2842 Virgilius,
1057 2770 1156 2841 Georg.
1171 2773 1222 2838 IV,
1238 2772 1303 2844 198,

227 2853 327 2904 solutis.
341 2877 376 2889 -
391 2849 427 2900 Ut
438 2866 512 2901 raras
525 2857 591 2914 etc.,
605 2856 636 2900 ut
645 2845 742 2900 similes
790 2847 823 2900 de
836 2847 939 2917 apibus,
951 2867 1061 2916 seraper
1070 2853 1160 2900 inaura
1167 2851 1255 2902 rrubr'la
1266 2852 1305 2902 [ι’-

226 2929 280 2983 sint
290 2927 336 2980 alis
348 2943 474 2980 verarum
486 2925 582 2979 avium.
592 2953 627 2968 ··-
635 2927 742 2978 Imr'terr-
789 2928 883 2980 brantr
896 2927 1010 2992 Noster,
1022 2926 1082 2979 Art.
1095 2925 1184 2979 Amat.
1195 2925 1246 2992 68,
1259 2927 1304 2978 Irr-

226 3022 281 3072 tur,
297 3007 465 3078 exquisitius,
478 3025 559 3077 quam
571 3046 579 3076 ,
593 3005 664 3076 quod
677 3005 742 3059 olim
788 3023 837 3074 que
846 3023 935 3060 aarum
946 3006 1032 3058 timide
1039 3023 1143 3071 corpora
1152 3007 1231 3056 librat
1236 3007 1303 3068 r'ter,·

226 3085 368 3152 edebatur,
384 3089 500 3138 rirrr'tetur.
790 3084 885 3138 Amor.
897 3084 943 3151 ll,
958 3099 1006 3150 vs,
1022 3103 1066 3149 ιι,
1083 3081 1116 3135 de
1130 3081 1234 3146 aribus,
1247 3100 1305 3148 qrroe

263 3166 319 3238 195.
331 3166 439 3230 Stabat,
452 3173 491 3226 et,
504 3167 608 3231 r‘ffaarus
619 3171 669 3222 etc.
682 3161 740 3216 Eu·
788 3165 1025 3230 lr'qur'dolr'bratrlrr‘rr
1034 3176 1203 3224 aarecursus,·
1212 3157 1305 3226 Silius,

129 3243 131 3246 ’
225 3265 270 3300 sus
279 3244 393 3314 pueriles
404 3243 471 3299 Icari
479 3243 595 3314 jucunde
604 3254 740 3298 notantur.
788 3242 859 3308 XII,
877 3243 943 3316 194,
960 3261 992 3294 ex
1004 3241 1153 3294 imitatione
1166 3239 1255 3296 Nostri
1267 3238 1304 3294 de

226 3351 260 3363 -
278 3325 411 3384 Tractare,
434 3321 557 3374 manibus
568 3321 740 3391 contingere,
788 3320 916 3387 Dredalo,
927 3322 1077 3386 Suspensum
1089 3322 1132 3372 br'c
1143 3321 1241 3372 lr'brarrs
1253 3337 1305 3370 ure·

227 3421 277 3455 sua
283 3406 412 3468 perr'cula,
425 3409 562 3469 penuaset
570 3418 658 3466 ceras,
667 3397 740 3452 unde
788 3402 834 3452 dia
843 3403 909 3451 r'rrter
918 3401 1006 3450 nubila
1020 3393 1119 3465 carpus.

227 3481 362 3551 pateralas
371 3479 496 3546 faciebat,
508 3497 569 3531 mox
583 3477 638 3530 lilio
649 3477 742 3547 perni—
822 3475 880 3528 203.
901 3476 1002 3528 Currere
1012 3493 1097 3549 quum
1108 3471 1213 3542 proprie
1224 3469 1306 3525 dica·

227 3559 297 3611 ciem
316 3558 444 3612 allaturas.
469 3555 598 3611 Similiter
609 3557 739 3623 pericula,
789 3564 834 3612 tur
843 3552 933 3620 naris,
945 3552 1013 3606 bene
1022 3551 1054 3605 ad
1064 3551 1181 3604 rolatum
1193 3547 1304 3602 transla-

226 3637 487 3705 rersu331e-Va5a,
495 3635 598 3690 mobilis
606 3643 741 3688 autmota.
790 3641 848 3686 tum
865 3640 911 3684 est.
926 3629 1036 3684 Volatus
1048 3631 1121 3684 enim
1132 3641 1160 3684 et
1170 3628 1306 3698 navigatio

227 3744 262 3758 —
272 3715 400 3780 Mororum
414 3715 540 3773 Heinsius
548 3713 676 3767 suadebat
686 3731 742 3764 rao-
788 3711 875 3768 solent
890 3729 905 3764 a
920 3709 1004 3778 poetis
1023 3710 1094 3762 inter
1104 3727 1133 3762 se
1145 3707 1304 3776 comparari.

229 3800 303 3856 verit,
330 3805 357 3846 et
373 3812 435 3845 mox
455 3792 536 3846 alium
555 3793 644 3847 lusum
664 3793 741 3845 lcaro
790 3787 931 3860 Virgilius,
944 3787 1094 3853 dictoloco,
1107 3783 1306 3840 enaattdeDre-

229 3873 378 3939 tribuebat,
392 3889 475 3940 quum
486 3876 609 3938 captabat
619 3871 648 3924 iu
657 3873 743 3937 adsta-
789 3864 969 3920 dalorolante.
977 3892 1012 3908 ·-·
1020 3866 1133 3917 Instruit.
1142 3863 1200 3920 Art.
1210 3861 1306 3916 Amat.

229 3959 276 4008 bat
291 3952 332 4005 vel
347 3952 477 4004 tractabat
492 3948 591 4001 mutari
608 3947 694 4000 vellet.
708 3973 742 3987 -·
790 3945 834 4012 11,
847 3945 893 4012 64,
907 3947 1216 4014 Erudr'tr'rfimrasutsua
1224 3952 1308 3995 nater

229 4031 307 4102 Regii
314 4029 396 4082 nostri
404 4028 497 4093 ambo,
505 4035 616 4080 moverat
622 4035 649 4078 et
656 4032 743 4092 capta·
789 4043 856 4077 aues.
867 4023 978 4078 iustruit
989 4033 1079 4076 autem
1087 4022 1143 4074 sere
1153 4060 1161 4088 ,
1171 4029 1201 4072 ut
1213 4017 1306 4074 Phae-

228 4114 322 4164 bat.-
330 4108 431 4161 Mollr're
441 4124 539 4166 ceram,
552 4113 582 4157 ut
593 4105 690 4156 mollire
700 4105 743 4154 Ia·
790 4101 913 4155 tlroutem
921 4099 1050 4166 Phcebus,
1066 4099 1110 4167 Il,
1122 4098 1231 4167 ralisqq.
1239 4135 1247 4166 ,
1256 4098 1306 4154 ubi

228 4207 309 4250 nam,
327 4205 387 4238 eam
409 4182 521 4236 reddere
534 4191 660 4234 tenuem.
683 4179 741 4234 Art.
790 4179 920 4234 nonnulla
929 4177 971 4232 his
983 4177 1085 4232 similia.

229 4267 321 4321 Amat.
329 4266 362 4338 49
373 4281 429 4332 sqq.
441 4280 448 4317 ι
465 4261 605 4316 Tractabat
614 4275 743 4328 ceramque
823 4258 880 4314 soli.
890 4259 944 4316 Nec
956 4268 981 4314 ta
993 4266 1163 4326 sparrarrerc.
1173 4254 1310 4325 rugiebat
