2836 4986
210 409 736 498 nuuauon'rnosnon
759 431 858 500 Lm.
885 434 988 503 v111
1109 443 1149 506 aa

84 569 182 642 Cn'nis
198 587 271 672 erat¹
285 567 448 670 simplex,
466 568 594 652 nodum
613 569 773 646 collectus
790 571 825 644 in
842 599 968 648 unum:

82 687 123 758 Er
138 685 280 758 humero
295 681 447 784 pendens
464 684 643 760 resonabat
660 687 804 762 eburnea
825 685 907 762 laevo

80 801 229 875 Telorum
245 818 379 888 custos3
398 829 511 874 arcum
530 831 665 904 quoque
683 801 762 878 leva
779 803 923 878 tenebat.

80 917 159 990 Talis
178 933 249 990 erat
266 915 394 1006 cultus;
413 915 533 1005 facies,
554 947 651 1018 quam
672 917 779 994 dicere
797 948 871 994 vere

80 1035 263 1131 Virgineam
279 1034 316 1106 in
333 1063 458 1134 puero,
476 1033 638 1135 puerilem
656 1034 689 1106 in
706 1035 833 1130 virgine
850 1037 971 1136 possis.
1072 1101 1080 1116 .

80 1152 164 1224 Hanc
180 1150 309 1251 pariter
323 1149 426 1238 vidit,
444 1148 571 1250 pariter
588 1147 793 1250 Calydonius
810 1152 910 1226 heros

81 1269 230 1370 Optavit,
248 1284 409 1340 renuente
426 1267 517 1348 Deo,
536 1265 750 1368 flammasque
768 1266 908 1344 latentes

79 1383 191 1458 llausit
206 1413 214 1456 :
232 1399 285 1468 et,
306 1413 324 1444 «
344 1382 377 1454 0
394 1378 492 1467 felix,
511 1381 541 1454 si
559 1409 660 1482 quem
677 1381 887 1478 dignabitur,
907 1385 1038 1486 inquit,

81 1534 95 1564 »
110 1503 177 1573 Ista
194 1499 327 1571 vimm!
345 1531 362 1562 »
382 1525 443 1570 nec
460 1495 557 1598 plura
575 1497 691 1572 sinunt
708 1517 925 1602 tempusque,
943 1503 1120 1608 pudorque

79 1622 211 1696 Dicere:
228 1620 335 1718 majus
353 1647 440 1720 opus
457 1620 573 1715 magni
589 1621 778 1699 certaminis
796 1642 902 1720 urget.

120 1745 208 1818 Silva
224 1743 384 1843 frequens
403 1743 575 1832 trabibus,
596 1773 696 1844 quam
711 1745 805 1820 nulla
822 1748 985 1824 ceciderat
1002 1769 1097 1844 etas,

78 1870 193 1971 Incipit
208 1899 229 1942 a
246 1866 368 1969 plano,
385 1867 574 1968 devexaque
589 1870 755 1970 prospicit
771 1901 865 1946 arva:

1102 717 1153 769 320

1100 1298 1150 1352 325

1102 1901 1152 1954 330

81 1996 150 2092 Quo
168 2012 352 2096 postquam
368 2021 484 2066 venere
502 1993 585 2083 viri,
603 2023 681 2096 pars
696 1997 778 2070 retia
796 1997 958 2072 tendunt:
993 2015 999 2038 ⁸

81 2119 215 2194 Vincula
231 2147 310 2220 pars
329 2117 480 2194 adimunt
497 2119 660 2194 canibus:
676 2149 753 2222 pars
769 2150 883 2224 pressa
900 2143 1088 2225 sequuntur

80 2308 181 2364 veleirca
188 2319 281 2380 peetus
287 2309 525 2380 constringebatur.
532 2307 587 2362 lllae
669 2309 726 2374 324.
736 2311 813 2362 Hanc
821 2315 1004 2385 parr'tervidit‚
1018 2315 1151 2369 etc.Prae-

82 2386 227 2444 dicebantur
236 2392 340 2464 ceptum,
348 2387 399 2454 bae,
410 2391 499 2464 cipum.
507 2387 587 2442 AEtia-
636 2387 703 2440 clare
718 2397 793 2442 notat
806 2387 893 2441 herois
902 2407 1005 2456 mores,
1016 2392 1057 2444 cni
1068 2393 1150 2463 gloria

81 2485 136 2531 nus,
158 2467 230 2520 dicto
252 2467 329 2531 loco,
350 2465 374 2518 ei
392 2465 485 2520 tribuit
506 2475 587 2530 cestio
636 2474 783 2518 emonstro
792 2465 932 2520 interfecto
940 2469 1026 2536 potior
1035 2489 1090 2524 esse
1102 2469 1150 2524 de-

81 2545 204 2618 lepdypooe
216 2551 258 2600 καὶ
271 2549 399 2610 τοιαύτην,
423 2551 471 2598 olm
482 2553 515 2613 μὴ
529 2545 588 2600 deo·
635 2543 721 2597 bebat.
731 2545 823 2612 Neque
834 2545 912 2614 plane
921 2547 1150 2604 omittenduserat

82 2629 121 2674 trio
129 2635 168 2685 τῆς
178 2611 362 2700 A'peipctoe.-·
372 2624 455 2676 Crini?
461 2627 585 2690 simplex,
635 2621 678 2676 hic
691 2641 781 2690 amor,
802 2633 970 2692 propterea,
988 2645 1046 2694 quae
1060 2627 1121 2682 inde
1136 2648 1151 2682 a

80 2700 153 2754 cultus
163 2701 322 2771 capillorum
336 2700 453 2770 simplex.
466 2699 531 2770 Ope
540 2701 586 2754 sas·
634 2717 712 2754 versu
724 2699 788 2768 426,
809 2713 966 2772 sequuntur.
988 2703 1074 2758 Simul
1094 2707 1150 2762 hec

80 2778 119 2832 eie
136 2779 329 2850 colligebantur
350 2779 377 2832 in
397 2781 488 2831 nodum
507 2789 585 2848 atque
634 2777 1010 2834 valentadcommendandnm
1020 2781 1150 2836 Atalantae

79 2863 161 2912 nodari
169 2858 338 2913 dicebantur.
358 2857 475 2910 Auctore
496 2857 586 2926 Apol-
635 2857 676 2910 vel
690 2857 914 2926 pulchritudinem
927 2860 968 2914 vel
983 2861 1149 2931 dignitatem.

80 2935 184 3004 lodoro,
204 2941 340 3014 Superiorem
363 2939 384 2988 iu
402 2939 487 3012 lpupt'qt
509 2947 587 2992 ueto-

20 3077 21 3090 *
81 3021 180 3083 tlrupirq
192 3019 299 3070 detritu.
307 3015 380 3067 Hinc
388 3029 421 3067 cx
426 3018 527 3068 humero
537 3026 585 3068 ele.

81 3119 108 3133 -
119 3097 240 3148 Custodes
250 3111 345 3146 rerum
365 3091 489 3146 dicuntur
505 3113 565 3150 vasa
579 3131 587 3160 ,

82 3172 352 3238 quaeillascontinent;
361 3171 441 3238 xlll,
452 3172 510 3242 703,
519 3191 588 3226 acer·

20 3295 21 3314 Ξ
82 3255 282 3306 merstosturis.

110 3329 162 3384 322.
188 3332 264 3384 Talis
283 3331 459 3392 craterum,
473 3328 586 3397 sacrem·

84 3405 173 3477 Regius
185 3409 229 3473 A,
253 3408 328 3458 Talis
338 3415 395 3460 erat
399 3404 488 3472 facies
500 3409 587 3470 cultu

20 3539 21 3552 ,
84 3477 166 3539 Codes
177 3487 218 3552 B,
239 3485 314 3537 Talis
330 3493 386 3536 crat
399 3487 469 3536 celtu
475 3482 563 3550 sacr'es
576 3499 586 3548 ‚·

83 3565 167 3630 quibus
185 3563 347 3620 lectionibus
360 3560 420 3614 data
431 3561 506 3615 sicuti
518 3562 589 3616 sim-

83 3643 165 3710 plicior
177 3663 208 3698 ac
220 3643 310 3700 uerior
323 3641 518 3710 anteponenda.
538 3645 588 3696 Ed.

635 2962 669 2974 -
683 2938 753 3002 Opus
764 2942 908 2992 certaminis
920 2939 975 2992 sere
988 2938 1104 3009 dictum,
1121 2953 1151 2997 ut

635 3022 759 3066 certamen
770 3034 878 3081 pugna,
900 3015 971 3082 Xll,
988 3019 1042 3074 180.

669 3089 726 3162 ,laq
733 3091 924 3162 Se'loalrequees
935 3104 983 3148 etc
994 3095 1093 3162 Locus,
1104 3097 1150 3150 ubi

636 3188 700 3238 aper
710 3171 943 3238 commorabatur,
965 3183 992 3226 et
1006 3173 1077 3226 unde
1090 3176 1150 3244 pri-

636 3266 696 3300 mus
708 3247 868 3318 impetus-
878 3252 959 3314 Quam
967 3253 1040 3302 nulla
1050 3256 1150 3308 recides

635 3337 680 3380 rat
686 3329 829 3382 oetas1alibi
842 3331 958 3384 nemoris
969 3329 1066 3384 indicat
1076 3352 1151 3386 sanc-

637 3405 740 3460 titatem
748 3447 755 3474 ,
763 3405 806 3460 hic
813 3405 1021 3462 densitatem-
1029 3409 1092 3462 Post
1103 3416 1151 3462 in-

637 3488 703 3552 cipi!
717 3505 735 3536 a
744 3488 826 3551 plano
837 3485 912 3554 sequi
924 3485 1050 3553 debebat,
1068 3489 1153 3558 surgit

638 3562 666 3614 in
679 3573 772 3618 monte
786 3573 830 3616 aut
842 3563 908 3616 clivo
920 3562 1035 3616 molliter
1046 3565 1151 3620 adscen-

638 3639 719 3694 dente
729 3663 736 3702 ;
748 3640 794 3694 sed
804 3641 929 3709 exquisite
942 3661 991 3710 pro
999 3662 1046 3710 eo,
1058 3647 1152 3698 devexa

84 3726 206 3776 -Facies
213 3720 304 3775 media
312 3720 449 3773 cratinter
461 3719 590 3788 puerilem
634 3722 759 3786 prospicit
768 3737 830 3770 arou
839 3739 846 3770 ,·
856 3722 966 3781 devexa,
976 3719 1132 3791 locasupina
1143 3763 1151 3792 ,

20 3823 21 3836 ¹
83 3811 106 3853 et
115 3802 276 3872 virgineam,
291 3799 375 3870 qualis
388 3797 498 3850 decebat
511 3799 591 3868 virgi-

83 3897 139 3933 nem
150 3881 314 3934 venatricem
326 3902 332 3946 ;
352 3878 447 3932 confer
460 3877 500 3930 IX
512 3917 519 3944 ,
535 3897 589 3944 7¹²·

84 3956 195 4014 AElisuus
216 3959 241 4012 ei
259 3957 354 4012 tribuit
372 3955 505 4025 insignem
526 3955 591 4026 pul-

83 4033 252 4090 chn'tudinem
260 4035 430 4106 etsulgorem
438 4033 590 4101 oculorum,

84 4114 122 4179 qui
133 4116 323 4187 perstringeret
333 4115 485 4180 intuentes,
499 4123 527 4166 ct
535 4131 592 4182 per·

85 4195 191 4250 tutaret
203 4196 314 4267 ignavos
326 4190 459 4246 homines.

639 3795 764 3865 paulatim
777 3793 964 3848 descendentia
976 3796 1008 3850 ad
1021 3799 1130 3866 planum
1146 3819 1152 3858 ς

635 3879 796 3942 prospiciunt
810 3875 884 3942 loca,
913 3875 985 3930 unde
1002 3889 1154 3948 prospectus

640 3955 669 4008 in
682 3955 815 4008 interiora.

684 4031 741 4086 332.
765 4035 889 4098 Wircula,
909 4034 1037 4102 funiculi,
1060 4035 1155 4104 quibus

641 4111 807 4166 ducebantur
826 4133 904 4167 canes
923 4114 955 4166 ad
977 4115 1156 4166 venationem.

642 4218 676 4232 ·-
685 4191 811 4246 Adr'muut
825 4193 937 4270 verbum
950 4193 976 4246 in
989 4191 1077 4246 haere
1093 4211 1157 4262 pro-
