2836 4986
223 487 265 551 318

466 519 467 524 κ
509 485 548 550 Ρ.
577 483 753 552 OVIDlI
777 483 1005 552 NASONIS

220 603 464 702 victricemque
479 619 599 703 petunt
615 602 735 676 dertrae
751 602 951 700 conjungere
967 602 1134 690 dextram

222 713 468 818 Immanemque
484 717 610 805 serum,
628 716 733 792 multa
750 715 866 790 tellure
882 717 1061 821 jacentem,

222 835 385 907 Mirantes
403 851 554 934 spectant
568 863 575 908 :
591 861 699 933 neque
716 833 823 906 adhuc
839 832 1029 927 contingere
1047 850 1157 906 tutum

221 949 304 1023 Esse
321 967 441 1050 putant
455 979 463 1038 3
479 949 536 1022 sed
554 947 619 1024 tela
634 966 742 1022 tamen
759 976 820 1022 sua
837 947 977 1047 quisque
992 968 1176 1024 cruentant.

220 1067 296 1165 lpse
312 1065 395 1165 pede
412 1066 591 1167 imposito,
608 1082 708 1166 caput
722 1061 889 1138 exitiabile
907 1065 1047 1164 pressit;

1242 1087 1294 1157 4²5

222 1181 335 1281 Atque
350 1181 419 1255 ita:
439 1215 455 1246 «
476 1183 575 1256 Sume
589 1181 655 1255 mei
673 1179 838 1280 spolium,
857 1181 1041 1268 Nonacria,
1058 1181 1160 1280 juris,
1254 1247 1261 1257 .

226 1329 243 1358 o
262 1296 376 1384 Dixin
394 1315 427 1370 et
443 1297 479 1369 in
493 1307 621 1398 partem
636 1297 747 1370 veniat
762 1296 845 1368 mibi
864 1293 969 1390 gloria
987 1314 1104 1370 tecum.
1124 1331 1142 1361 ι»

223 1409 383 1484 Protinus
398 1413 550 1498 exuvias,
567 1411 684 1506 rigidis
699 1409 871 1484 horrentia
885 1411 964 1487 setis

223 1527 331 1620 Terga
348 1526 424 1612 dat,
444 1543 476 1598 et
489 1526 618 1620 magnis
635 1525 779 1620 insignia
798 1525 956 1599 dentibus
974 1555 1041 1602 ora.

224 1640 278 1714 Illi
295 1641 415 1714 laetitia
431 1659 482 1714 est
499 1670 574 1714 cum
590 1669 726 1716 munere
742 1641 890 1716 muneris
906 1659 1033 1714 auctor.

1245 1663 1297 1732 430

130 1791 131 1794 ¹
224 1755 373 1830 Invidere
391 1755 465 1843 alii;
485 1773 625 1856 totoque
642 1775 712 1830 erat
728 1756 857 1852 agmine
874 1782 1032 1829 murmur.
1115 1799 1118 1807 ,

223 1876 252 1946 E
270 1874 412 1972 quibuS,
430 1873 556 1968 ingenti
574 1874 746 1947 tendentes
763 1872 899 1946 brachia
916 1897 1015 1960 voce,
1080 1879 1083 1886 ’

227 2023 243 2051 «
264 1989 356 2061 Pone
375 2017 450 2084 age,
468 2017 528 2061 nec
544 1989 661 2063 titulos
678 1989 858 2088 intercipe,
876 1989 1016 2076 femina,
1034 2005 1188 2078 nostros,

226 2226 322 2270 versos,
338 2226 403 2275 quoe
418 2207 476 2276 quis
489 2207 537 2260 sibi
550 2206 681 2276 oppositos
692 2227 735 2277 pe·

226 2288 264 2340 tit.
282 2287 361 2356 Apud
371 2286 563 2357 Apollodorum
572 2287 693 2340 vulnerat
700 2287 735 2340 se·

224 2385 284 2418 rum
300 2373 332 2426 cic
344 2371 381 2420 τὸν
390 2375 501 2431 κενεῶνα,
513 2365 541 2417 in
554 2365 603 2418 illa.

255 2449 312 2512 421.
333 2447 502 2514 Conjungere,
520 2455 549 2498 ut
560 2445 734 2516 coniungant.

224 2548 256 2561 -
272 2525 334 2574 Tela
345 2531 492 2584 cruentant,
514 2521 571 2576 telis
589 2533 733 2592 pungunt,

226 2599 265 2652 vel
277 2599 419 2652 insultandi
431 2618 506 2652 causa
516 2637 523 2664 ‚
533 2600 610 2652 velut
620 2639 627 2663 ,
637 2600 658 2652 si
666 2601 736 2652 vivat

226 2675 311 2728 adbuc
322 2715 328 2741 ‚
345 2675 449 2744 penitus
459 2675 628 2729 interficiant.
638 2683 671 2718 -“-
678 2679 736 2743 Ipse

227 2751 362 2821 Meleager
369 2756 457 2820 pedem
469 2758 592 2820 imponit,
608 2773 682 2808 more
695 2775 736 2807 re·

227 2841 315 2883 terum
324 2831 447 2897 heroum,
456 2830 500 2900 qui
508 2849 574 2884 caeso
581 2831 650 2885 hosti
660 2831 736 2886 dictis

228 2923 256 2963 et
263 2911 335 2964 sactis
343 2911 467 2964 insultare
477 2951 484 2978 ,
493 2929 608 2980 eumque
616 2909 682 2980 pede
689 2911 738 2963 im·

227 2991 312 3059 posito
320 3009 440 3059 premere
448 2990 574 3044 solebant.
585 2991 691 3043 AEneid.
700 2992 735 3058 X,

229 3071 294 3142 4953
314 3067 390 3135 XII,
411 3069 468 3121 356.

263 3147 319 3212 426.
329 3147 453 3214 Spolr'rrm,
470 3145 542 3214 pellis
550 3145 679 3212 detracta,
691 3151 742 3198 mer'

223 3227 307 3293 juris,
321 3243 379 3293 que
392 3223 457 3276 mibi
469 3223 589 3276 debetur.
600 3224 739 3292 Ejusmodi

231 3303 334 3356 exuvias
362 3303 520 3372 appetebant
544 3321 601 3354 non
627 3303 737 3374 minus,

230 3401 310 3450 quam
322 3401 394 3435 arma
403 3381 519 3434 hostibus
535 3381 622 3434 occisis
636 3381 740 3434 detrae-

201 3464 202 3468 ’
232 3472 273 3526 ta,
286 3461 368 3530 iisque
379 3457 561 3522 fortitudinem
570 3477 643 3512 suam
655 3469 740 3512 osten·

230 3540 329 3594 tabant.
341 3541 385 3594 stc
399 3540 528 3594 Hercules
544 3540 626 3593 leonis
638 3537 739 3592 Nemaei

230 3617 311 3686 spolio
323 3619 447 3671 utebatur
458 3637 507 3689 pro
516 3617 640 3688 tegmine.
652 3617 740 3685 Atque

230 3697 311 3750 etiam
328 3717 401 3751 nunc
421 3709 605 3768 pugnaverant
627 3698 660 3751 de
684 3695 739 3767 apri

230 3782 314 3853 sepulta·
326 3784 366 3829 καὶ
381 3781 476 3851 deppam
492 3783 614 3848 λαχνῆιντι
628 3778 739 3830 Homer.

231 3871 308 3906 versu
319 3853 413 3920 544-
420 3855 555 3908 Nonacria.
562 3855 742 3926 Regiinoetri,

233 3931 374 3995 Nonacrca,
384 3930 741 3996 Atalanta.Nonacris,mons

235 4009 742 4081 ArcadiaefrigidissimaStygisaquasa⁴

139 4107 142 4114 ’
235 4107 332 4142 motus.
343 4091 393 4142 Ed.
404 4115 438 4128 -·
454 4087 564 4149 Vertat,
581 4087 740 4157 elegantior,

232 4185 328 4235 quam,
340 4167 483 4235 contingat
496 4164 566 4218 Vide
580 4163 612 4218 ad
627 4166 671 4232 11,
686 4167 741 4218 862.

231 4243 318 4300 Attius
325 4245 353 4298 in
362 4245 499 4315 Meleagro
510 4263 516 4298 a
528 4245 653 4297 Romane!
659 4247 743 4312 glareis

784 2211 857 2275 apud
862 2227 914 2270 me,
931 2214 1036 2262 esurias
1046 2213 1154 2277 dignari
1165 2207 1297 2265 Atalante

784 2291 851 2340 dare.
865 2287 917 2342 Sed
933 2289 1002 2358 apud
1017 2291 1145 2342 Nostrum
1159 2289 1244 2342 multo
1257 2303 1297 2344 est

783 2367 926 2432 urbanior,
950 2377 977 2420 et
997 2378 1100 2435 partem
1113 2365 1225 2419 ‘tantum
1247 2369 1297 2421 sibi

784 2445 872 2515 glorioe
891 2445 996 2513 expetit.
1010 2446 1072 2500 Nec
1089 2445 1160 2511 seio,
1186 2445 1220 2498 an
1239 2465 1296 2499 non

783 2535 887 2594 praestet
902 2543 932 2576 ex
943 2542 997 2575 uno
1009 2523 1069 2576 MS.
1082 2527 1122 2575 tui
1124 2523 1208 2590 juris,
1223 2525 1296 2592 quod

784 2612 811 2654 ct
825 2601 936 2656 Heinsio
948 2601 1081 2670 placebat,
1101 2611 1131 2652 ut
1145 2601 1200 2670 apri
1212 2602 1298 2654 inter-

785 2679 847 2731 lecti
859 2679 968 2747 gloriam
979 2677 1015 2730 illi
1027 2676 1120 2742 cedat,
1140 2695 1198 2746 quae
1210 2679 1297 2748 prima

770 2760 868 2810 .seram
882 2757 1072 2810 vulneraverat
1095 2755 1175 2810 Certe
1187 2775 1202 2809 a
1214 2756 1298 2810 Calli-

784 2835 879 2892 macho
891 2835 1013 2887 Atalanta
1030 2843 1141 2888 vocatur
1157 2840 1272 2896 συοκτὲνσς
1288 2876 1296 2902 ,

785 2913 982 2984 apricida.·-llli
990 2915 1078 2964 dentes
1087 2913 1156 2982 apud
1167 2915 1297 2982 Tegeatae

784 2992 878 3045 servati
890 2991 921 3043 ab
934 2991 1053 3060 Augusto
1061 2991 1298 3044 Romamsunt'de-

785 3071 836 3123 lati.
846 3069 996 3133 Pareamus,
1008 3068 1102 3121 Aread.
1111 3087 1136 3138 p.
1146 3069 1203 3140 694,
1216 3068 1298 3138 Apud

785 3145 894 3198 eosdem
906 3145 1034 3212 Tegeatae
1053 3145 1126 3214 pellis
1142 3143 1221 3212 hujus
1240 3147 1299 3214 'apri

786 3241 842 3292 pree
849 3223 923 3276 senio
933 3223 988 3290 jam
996 3233 1150 3291 putrescens
1157 3224 1299 3278 Pausaniae

787 3302 873 3354 adhue
882 3311 956 3355 aetate
967 3301 1176 3368 ostendebatur,
1199 3321 1225 3370 p.
1237 3302 1298 3374 695.

787 3381 820 3434 ln
832 3381 949 3433 nummis
961 3380 1027 3433 adeo
1038 3381 1066 3432 hi
1074 3381 1169 3434 dentes
1177 3399 1240 3433 curn
1250 3399 1301 3433 ve·
1373 3431 1377 3436 .

785 3460 882 3512 nabulo
894 3457 1021 3528 Meleagri
1032 3460 1211 3528 repausentati
1223 3471 1297 3513 suut.

788 3537 857 3590 Vide
870 3538 1013 3607 spanhem.
1025 3537 1057 3591 ad
1072 3536 1226 3591 Callimaobi
1236 3537 1301 3591 dic·-

788 3627 847 3670 tum
866 3617 963 3670 locum.
1049 3649 1052 3656 ‹

820 3698 875 3762 432.
902 3697 1040 3750 Tendentes
1061 3697 1188 3759 Μελίας
1211 3705 1301 3763 gestus

788 3775 986 3846 indignabunde
997 3776 1286 3846 imperantis-Tituli
1292 3820 1299 3840 ,

789 3852 929 3922 gloriosum
949 3855 1106 3922 premium,
1127 3862 1172 3906 aut
1192 3853 1301 3922 signum
1352 3890 1354 3895 -

787 3930 909 3984 facinoris
921 3931 1024 4000 egregii.
1035 3959 1068 3972 -
1076 3931 1121 3983 De
1129 3931 1211 3983 verbo
1220 3937 1303 3984 ritter-

789 4011 876 4074 cr‘pm,
888 4009 920 4062 ad
930 4027 1034 4062 versum
1043 4011 1246 4080 agn-Nostros,
1254 4012 1302 4080 qui

788 4086 863 4141 nobis
876 4087 1007 4142 debentur
1019 4098 1078 4140 tum
1091 4105 1187 4158 genere
1209 4090 1302 4158 proxi·
1337 4123 1339 4127 ι

789 4185 832 4220 me
845 4167 1033 4236 attingentibus
1044 4169 1224 4236 Meleagrum,
1240 4179 1301 4222 turn

789 4265 850 4300 sexu
860 4247 1003 4317 potioribus
1012 4248 1147 4316 etsemiuae
1158 4249 1301 4319 preteren-
