2836 4986
208 477 729 548 METAMORPHOSEON
753 482 848 548 LIB.
879 483 994 550 VIII.
1067 547 1070 558 ,
1101 489 1137 550 15

127 615 165 687 ΙΙ.
183 617 269 692 Vota
284 618 362 692 Jovi
379 617 497 692 Minos
514 636 686 693 taurorum
704 649 844 722 corpora
861 640 996 696 centum

22 781 23 796 a
90 729 198 819 Solvit,
214 752 253 807 ut
270 762 421 830 egressus
435 735 564 810 ratibus
582 735 742 811 Curetida
759 755 880 812 terram

75 833 238 947 'Contigit3
257 870 291 926 et
310 851 428 953 spoliis
446 853 598 928 decorata
615 872 666 928 est
683 855 772 950 regia
789 855 873 930 fixis.

22 1001 23 1044 ς
90 967 225 1040 Creverat
242 967 466 1069 opprobrium
484 969 631 1063 generis3
648 967 839 1072 soedumque
856 972 994 1072 patebat
1095 995 1141 1047 15⁵

22 1133 23 1184 3
89 1082 192 1155 Matris
208 1081 428 1168 adulterium,
446 1083 590 1156 monstri
606 1085 754 1160 novitate
770 1087 935 1162 biformis.

89 1195 223 1270 Destinat
238 1196 329 1270 hunc
349 1197 466 1271 Minos
483 1197 636 1272 thalamis
653 1228 819 1274 removere
833 1201 1017 1301 pudorem,

87 1422 137 1488 giro
148 1427 205 1475 ceia's
214 1432 253 1474 est
262 1421 344 1490 piscis.
352 1421 442 1492 Etym.
452 1421 492 1474 M.
500 1426 580 1497 Κῷρις
627 1423 732 1474 -Volo
737 1431 822 1490 potest
827 1431 857 1476 ut
863 1421 1022 1490 adjectivum
1029 1425 1108 1496 accipi
1115 1439 1142 1482 et

88 1504 96 1552 ὲ
113 1505 175 1567 ἰχθύς.
191 1500 259 1553 Vide
281 1499 446 1552 Munkerum
461 1499 493 1552 ad
512 1499 579 1572 Hy·
628 1519 690 1552 cum
701 1501 949 1571 corporaconjungi.
960 1503 1139 1572 ltavers.265,

87 1578 170 1644 girum,
184 1578 236 1632 sed
251 1577 357 1647 Virgilii
370 1576 426 1632 cir.
436 1597 503 1630 vers.
515 1579 577 1650 489,
627 1590 701 1634 volus
711 1586 835 1648 sanguin
856 1581 928 1647 Vll,
952 1583 1016 1650 aba,
1036 1589 1140 1640 victima

86 1658 120 1709 ubi
140 1659 178 1711 illa
200 1658 421 1726 metamorphosis
445 1658 579 1726 eleganter
627 1667 695 1711 arola.
716 1659 761 1712 sic
772 1663 1140 1732 votacorpomsolcllssgago—

85 1736 133 1788 satis
141 1735 305 1802 describitur,
315 1746 354 1788 est
365 1736 417 1788 avis
428 1735 577 1800 versicolor,
602 1750 604 1755 ’
628 1723 697 1806 Illae
709 1735 825 1804 dietum,
836 1756 947 1806 corpora
959 1749 1019 1790 vota
1027 1751 1139 1806 mactat,

85 1813 147 1865 crista
163 1833 295 1884 purpurea
305 1813 332 1864 iu
345 1813 450 1881 capite,
469 1823 496 1865 et
511 1831 578 1864 cru·
627 1825 658 1868 ut
676 1825 769 1868 votum
787 1816 877 1870 solvat.
898 1817 984 1870 Possis
1002 1828 1091 1872 autern
1113 1831 1140 1872 et

85 1890 299 1945 ribusrubentibus
308 1891 417 1960 insignis
426 1930 433 1956 ,
443 1891 577 1959 vitamque
628 1895 703 1947 aliter
713 1894 896 1964 interpretari;
909 1907 970 1951 vota
982 1897 1070 1964 solvit,
1082 1917 1140 1968 qua

85 1967 208 2023 solitariam
220 1972 249 2022 in
262 1969 324 2023 loeis
336 1969 444 2022 desertis
453 1989 579 2039 agens.—
628 1971 736 2040 quidem
750 1982 826 2026 erant
841 1982 950 2028 centum
962 1993 1067 2040 corpora
1075 1985 1140 2028 lau-

86 2050 107 2098 A
114 2059 178 2102 lonso
189 2055 301 2119 capillo,
317 2051 361 2102 leel
372 2061 411 2104 τοῦ
418 2057 498 2126 κείρειν
509 2049 578 2102 dicta
626 2069 723 2112 rorum,
740 2049 767 2101 id
779 2060 834 2117 est,
845 2050 929 2118 tauri,
943 2071 958 2104 e
969 2051 1080 2106 solemni
1091 2072 1140 2122 pe-

85 2133 189 2180 estcin's.
211 2129 283 2196 Quae
300 2139 390 2180 autem
406 2128 459 2180 avis
474 2126 578 2182 intelli·
627 2125 745 2195 riphrasi.
770 2130 880 2194 Corpora
895 2128 1138 2198 habentprsestan-

85 2208 155 2274 ganda
167 2209 214 2275 sit,
229 2229 286 2262 non
299 2209 389 2277 liquet.
409 2209 484 2262 Alius
497 2208 579 2261 intel·
626 2205 830 2272 tiores;caeteri,
840 2211 975 2274 sanguine,
993 2207 1064 2276 quod
1075 2207 1139 2260 olim

84 2283 132 2337 lerit
139 2306 216 2355 genus
227 2287 357 2356 accipitris
367 2326 375 2352 ,
385 2286 448 2339 alius
458 2287 558 2340 circum
568 2325 575 2353 ,
625 2282 872 2354 edebatur-Regii
879 2285 963 2337 nostri
969 2283 1068 2338 habent
1075 2303 1139 2338 san-

84 2361 135 2415 alius
141 2384 226 2418 rursus
232 2363 379 2434 perdicem,
389 2363 518 2430 alaudam,
527 2374 576 2417 etc.
622 2365 712 2426 gntae,
731 2369 757 2412 at
771 2359 863 2414 Codex
873 2361 912 2426 B,
926 2380 942 2414 a
953 2361 1069 2414 secunda
1080 2381 1137 2416 ma·

84 2439 164 2494 Noster
179 2443 385 2512 descriptionem
402 2441 459 2510 ejus
475 2441 576 2494 nullam
625 2458 682 2504 nu,
705 2439 860 2508 perantiqua
877 2449 991 2503 tamem
1017 2441 1136 2510 aprima

83 2516 153 2586 dedit,
164 2541 212 2576 nee
219 2521 399 2574 mutationem
408 2520 491 2589 ipsam
500 2539 576 2572 more
625 2516 737 2570 habebat
744 2519 1001 2584 corpora-Curetis
1012 2527 1077 2572 lcrro
1088 2539 1138 2572 an-

82 2617 119 2650 sno
129 2599 263 2671 diligenter
273 2599 419 2669 designavit
428 2639 435 2666 ,
444 2597 514 2652 haud
525 2599 577 2652 dn·
625 2593 735 2663 tiqnitus
746 2593 815 2648 dicta
823 2604 861 2648 est
871 2593 954 2648 Creta
964 2614 978 2648 a
987 2594 1138 2652 Curetibus.

82 2673 263 2747 hiepropterea,
278 2677 340 2746 quia
349 2687 440 2729 auctor
452 2676 576 2729 carminis
625 2673 745 2740 Plinius,
759 2671 809 2740 IV,
826 2695 855 2726 12
867 2695 874 2738 ;
888 2673 997 2728 AEneid.
1009 2675 1068 2742 ΙΙΙ,
1083 2677 1137 2732 131.

83 2747 137 2806 Ciris
147 2755 186 2808 illa
198 2755 304 2827 egregie
319 2765 498 2823 occupaverat.
624 2777 657 2791 ·-
666 2753 770 2820 Spolia,
794 2750 845 2804 hoc
857 2762 895 2806 est
907 2792 914 2819 ,
927 2762 1013 2807 vestes
1026 2763 1053 2806 et
1064 2773 1137 2809 arma

108 2836 219 2888 rba-182.
231 2837 363 2889 Ariadnes
372 2853 464 2886 corono
472 2839 576 2886 chlersa'-
624 2827 740 2882 hostibus
757 2829 845 2882 occisis
863 2829 1002 2898 detracta,
1021 2831 1049 2884 in
1062 2842 1137 2884 tem-

81 2910 134 2961 lero.
144 2912 319 2967 Athenienses
331 2911 419 2964 Minoi
434 2913 575 2981 quotannis
623 2908 686 2977 plis,
699 2914 775 2976 regiis
787 2919 832 2962 aut
848 2909 902 2962 aliis
917 2910 979 2963 locis
991 2911 1137 2980 conspicuis

80 3000 181 3057 septenos
196 3013 295 3063 pueros
311 2992 476 3061 totidemque
494 2993 576 3063 virgi·
624 2986 694 3056 affigi
702 2987 834 3052 solebant;
844 2989 938 3056 quibus
948 2989 1090 3057 antiquitas
1097 3009 1138 3040 ve-

81 3082 117 3117 nes
128 3069 209 3124 tributi
221 3072 281 3125 loco
293 3071 400 3124 mittere
413 3071 575 3140 cogebantur
623 3070 793 3123 uerationem
803 3081 829 3122 et
838 3071 1003 3138 majestatem
1011 3071 1136 3140 augebat:

81 3139 225 3202 devorandos
236 3151 400 3210 Minotauro,
423 3147 468 3215 qui
480 3165 575 3199 serva-
623 3167 653 3202 ea
673 3160 811 3202 consumta
830 3148 906 3202 refici
921 3167 978 3210 non
995 3158 1053 3202 erat
1070 3167 1134 3200 mos.

22 3221 23 3224 ’
81 3215 176 3275 baturin
187 3229 348 3297 labyrintho,
370 3243 385 3276 a
402 3223 512 3277 Daedalo
529 3243 575 3276 ex·
623 3230 745 3282 Parisoi),
756 3229 897 3282 Animadv.
909 3227 1064 3297 histor.cap.
1079 3248 1101 3298 7,

22 3331 23 3368 1
81 3305 167 3356 structo.
181 3303 272 3357 Tertia
290 3322 347 3356 sors
359 3321 441 3371 quum
453 3303 574 3355 mittere·
658 3312 712 3363 155,
740 3312 920 3377 opprobriam,
943 3309 1134 3374 Minotaurus,

22 3371 23 3456 ᾖ
82 3385 128 3444 ¹¹¹¹,
144 3387 265 3438 COmilem
280 3403 310 3437 se
328 3383 421 3436 obtulit
433 3383 487 3451 ipse
502 3384 574 3434 The-
622 3386 667 3454 qui
674 3387 879 3458 opprobrioerat
887 3386 1010 3455 (Heroid.
1020 3386 1070 3452 IV,
1080 3383 1133 3455 57),

80 3471 129 3508 tets-
137 3459 276 3515 Interfecto
287 3460 457 3524 Minotauro,
464 3477 513 3528 ope
521 3457 572 3522 fili,
621 3471 713 3518 crimea
725 3467 826 3531 moltis)
838 3465 874 3518 illi
884 3469 984 3532 μησί,
999 3465 1053 3531 jam
1069 3462 1135 3516 ado-

22 3525 23 3536 *
80 3537 134 3600 quod
145 3541 174 3593 ab
184 3543 320 3602 Art‘adua,
335 3539 436 3592 Minois
444 3539 514 3606 filia,
530 3557 575 3592 ac·-
621 3542 736 3610 leverat,
752 3554 778 3596 et
794 3543 860 3596 dum
871 3551 1006 3594 monstrum
1019 3540 1082 3593 illud
1094 3545 1136 3594 ti-

79 3629 213 3684 ceperat,se
226 3641 258 3673 ex
266 3617 573 3690 labyrinthiambagibus
613 3620 699 3688 form
715 3621 743 3672 in
762 3621 834 3690 regia
856 3637 978 3685 versans,
1000 3623 1131 3675 racciolo,

78 3694 161 3749 evolvit.
183 3699 322 3752 Ariadnen
338 3707 428 3749 antem
443 3697 471 3748 in
488 3695 573 3749 insula
620 3699 744 3752 inusitata
755 3719 802 3752 sua
813 3700 899 3751 forma
913 3707 938 3750 et
950 3708 1061 3765 natura,
1075 3717 1135 3750 om-

79 3767 121 3820 Ilia
130 3775 236 3844 reliquit.
251 3775 356 3840 Casus,
378 3792 444 3842 quos
454 3773 489 3825 ibi
501 3792 573 3841 passa
621 3779 699 3830 nibus
707 3779 855 3848 spectaculo
867 3788 939 3844 erat,
949 3781 1058 3845 patebat
1065 3795 1133 3846 quo-

79 3843 189 3913 §limane
208 3864 364 3907 narrantur·
380 3850 443 3903 Vld·
460 3851 572 3907 HOmer·
621 3856 684 3910 tidie
703 3856 795 3908 matris
818 3857 967 3908 adulterium
979 3855 1091 3924 sadum,
1106 3853 1134 3906 id

79 3920 165 3994 Uda,
186 3933 252 3995 3²03
275 3929 412 3984 Plutarch·
425 3929 504 3982 Thes·
518 3948 572 3996 cap·
621 3944 677 4002 est,
697 3953 712 3986 a
730 3944 825 3986 natura
845 3933 962 3986 humana
981 3932 1135 3986 abhorrens.

82 4005 118 4065 ¹⁵³
137 4007 229 4080 Hygin.
241 4012 295 4063 sab.
305 4011 336 4075 42
350 4018 377 4060 et
390 4009 437 4073 43;
451 4006 571 4076 Apollod.
623 4013 713 4065 Minos
732 4013 813 4082 igitur
830 4015 957 4074 destrital,
975 4011 1111 4064 coustituit
1125 4050 1132 4076 ,

22 4079 23 4098 l
80 4073 458 4154 ¹11‚1‚4.—Hecatomhen
480 4085 572 4138 Minos
622 4089 1132 4157 vult,huncpudorem,hocmoustrum‚

22 4151 23 4230 J
79 4155 127 4211 lovi
136 4165 224 4232 offert,
237 4167 281 4220 eui
294 4167 329 4219 ob
342 4167 478 4218 victoriam
488 4165 570 4217 etse·
622 4167 694 4235 quod
712 4169 737 4221 ei
750 4169 846 4238 pudori
863 4179 919 4222 erat
934 4165 994 4237 (sic
1008 4169 1093 4235 pudor
1106 4175 1134 4218 et

22 4235 23 4268 l
79 4231 139 4292 licem
149 4245 263 4299 reditum
276 4264 351 4300 sacra
369 4243 429 4298 lieri
443 4237 570 4300 sotebant
622 4245 679 4312 IX,
700 4249 785 4316 577),
800 4246 1093 4302 removereabaulasna.
