2836 4986
217 507 262 596 24

503 517 542 581 P.
575 513 756 584 OVIDII
790 515 1020 588 NASONIS

217 663 325 761 Inque
341 655 443 760 pedes
459 656 567 731 abiit:
584 685 729 745 nomen,
749 657 842 759 quod
859 677 893 732 et
909 677 1005 750 ante,
1022 663 1189 738 remansit.
1246 687 1299 742 255

217 778 298 850 Non
316 793 425 848 tamen
443 773 513 846 haec
530 771 595 846 alte
612 772 758 848 volucris
775 803 836 850 sua
852 804 994 878 corpora
1011 776 1118 868 tollit,
1154 797 1157 804 '

218 887 289 964 Ne'c
306 889 386 964 facit
400 889 436 962 in
451 889 550 963 ramis
565 887 700 990 altoque
717 890 884 965 cacumine
901 891 1002 965 nidos
1016 921 1024 980 ;

218 1009 364 1107 Propter
378 1005 518 1078 humum
535 1003 671 1094 volitat,
690 1007 853 1109 ponitque
869 1008 906 1081 in
921 1009 1059 1109 sepibus
1078 1037 1162 1100 ova;

218 1123 428 1223 Antiquique
444 1150 572 1195 memor
587 1122 706 1196 metuit
724 1122 882 1198 sublimia
894 1154 1000 1200 casus.

267 1243 327 1314 IV.
348 1241 490 1340 Jamque
502 1237 679 1336 fatigatum
695 1239 795 1316 tellus
810 1243 939 1319 AEtnaea
957 1244 1092 1322 tenebat

1245 1270 1297 1324 26⁰

219 1355 382 1430 Daedalon
397 1385 405 1430 :
420 1373 453 1430 ct
471 1356 589 1430 sumtis
607 1385 670 1456 pro
688 1355 839 1458 supplice
858 1357 1001 1434 Cocalus
1017 1362 1117 1436 armis

219 1473 316 1549 Mitis
332 1471 540 1547 habebatur:
553 1473 621 1571 jam
638 1471 851 1548 lamentabile
866 1475 1008 1580 Athena

219 1589 369 1664 Pendere
388 1589 572 1678 desierant,
589 1588 718 1664 Thesea
734 1589 852 1682 laude,
872 1593 1048 1668 tributum.

218 1804 273 1838 ram
284 1789 419 1839 succurrat.
430 1783 624 1854 Apollodorus,
637 1792 731 1855 tetrae,

219 1874 253 1934 μὴ
270 1868 311 1920 at
325 1873 366 1928 τὴν
381 1869 473 1936 riputur
487 1867 555 1920 «teti
566 1867 684 1940 deoperitur·
699 1885 733 1919 aa·

219 1963 292 2003 arce.
309 1945 352 1998 aial
362 1957 403 2005 τῖς
412 1945 596 2022 sisparulros-
603 1945 735 2012 Prosatet

218 2023 417 2078 Arundelianus
420 2023 508 2092 facit,
523 2023 595 2094 quod
606 2023 732 2080 Heinsius

220 2103 342 2157 illustrat.

252 2183 308 2235 258.
322 2183 445 2249 Pauitque
455 2183 484 2233 s'u
491 2183 592 2247 sepibus
603 2201 658 2234 aaa.
676 2181 733 2236 Pli-

218 2260 295 2327 nius,
309 2260 352 2326 X,
367 2259 417 2312 32:
432 2261 550 2312 Perdices
559 2263 635 2326 spira
644 2258 733 2326 atsta-

216 2342 267 2391 tr'ce
283 2343 323 2390 sic
340 2341 457 2390 muntiant
475 2341 674 2404 receptaculum,
705 2344 735 2390 ut

219 2418 488 2485 coutrasbrasabuude
496 2417 629 2480 vallentur,
641 2429 668 2472 et
675 2437 731 2488 sqq.

217 2497 415 2567 -Autiqutqua
429 2507 478 2550 etc
484 2496 583 2551 Similis
589 2498 730 2566 sententia,

220 2577 266 2642 II,
280 2577 338 2648 378.

253 2655 381 2720 260-545.
396 2656 507 2718 OEueus,
527 2657 685 2710 Parthaonis
697 2656 732 2710 fi-

217 2735 285 2799 lius,
298 2733 405 2786 AEtoliur
415 2753 476 2799 rex,
487 2734 562 2802 cujus
570 2735 633 2788 urbs
640 2737 731 2804 Caly-

218 2816 284 2874 don,
301 2831 384 2880 quum
393 2810 595 2866 Dianaecultum
605 2813 733 2882 neglexis-

219 2899 276 2955 set,
298 2888 341 2940 illa
353 2887 430 2942 terris
448 2888 505 2956 ejus
523 2901 628 2943 vastum
643 2909 731 2960 aprum

219 2967 345 3034 immisit,
359 2966 403 3034 qui
419 2977 519 3036 segetes
530 2977 662 3035 vastaret,
678 2987 731 3038 pe-

217 3043 517 3114 cudesquestrucidaret.
539 3044 584 3098 Ad
602 3065 665 3099 eum
686 3041 731 3099 in-

217 3123 404 3178 terficiendum
416 3133 609 3176 concurrerunt
618 3143 649 3176 ex
659 3124 731 3177 mul-

218 3199 519 3254 tisGracciaecivitatibus
527 3201 577 3253 viri
585 3201 729 3270 fortissimi,

218 3278 348 3348 inquibus
358 3289 415 3332 erat
421 3278 503 3332 etiam
510 3281 647 3340 Atalanta,
655 3280 730 3350 virgo

219 3357 361 3425 Arcadica,
375 3359 450 3428 cujus
462 3377 552 3411 amore
561 3359 731 3414 arsitdklaa-

216 3457 275 3504 ger,
295 3434 378 3490 OEnei
397 3435 473 3490 filius.
492 3437 557 3490 Post
573 3437 730 3490 acerrimam

218 3532 335 3583 pugnarn
347 3533 410 3583 aper
421 3513 581 3566 interficitur
593 3533 608 3566 a
620 3513 730 3568 Melea-

218 3609 282 3661 gro,
294 3593 339 3661 qui
348 3596 454 3645 arueras
461 3602 489 3645 et
501 3595 586 3646 dautes
598 3591 730 3646 Atalantae

219 3671 319 3738 donat,
338 3691 397 3741 quae
410 3673 602 3744 prirnaaprum
614 3674 732 3728 violave-

218 3759 267 3803 rat.
276 3751 396 3814 Aurea,
413 3763 498 3805 mater
507 3753 652 3823 Meleagri,
664 3751 730 3806 duos

217 3828 728 3899 habebatfratres,PlextjupumetToaea,

218 3909 263 3978 qui
270 3909 404 3962 venationi
415 3910 599 3964 interfuerant.
611 3912 632 3964 li
646 3930 729 3980 quum

217 3984 731 4056 invidiatactiAtalantaeeriperentvic-

215 4061 292 4116 toriae
300 4062 386 4131 signa,
398 4062 537 4134 Meleager
545 4083 590 4116 eos
596 4063 730 4118 interficit.

217 4143 254 4196 At
266 4153 365 4209 mater,
379 4155 408 4196 ut
420 4143 534 4196 fratrum
545 4143 644 4198 caedem
656 4145 730 4198 acei-

214 4220 663 4290 pit,st1pttemsatalem,inquovita
672 4223 729 4276 Me·

213 4297 296 4368 leagri
307 4298 512 4366 continebatur,
530 4299 644 4355 flammis
653 4319 730 4356 coru-

781 1788 869 1856 burit,
889 1808 943 1859 quo
954 1800 1095 1844 consumto
1103 1787 1242 1862 Meleager
1254 1810 1297 1845 ex·

780 1871 925 1941 stinguitur
936 1893 943 1936 ;
961 1890 1059 1925 sorores
1073 1881 1163 1924 autem
1176 1871 1233 1939 ejus
1244 1872 1297 1924 in-

781 1950 892 2004 teritum
900 1951 1008 2016 flentes,
1022 1951 1051 2004 in
1062 1971 1121 2006 aves
1132 1954 1298 2020 meleagrides

781 2039 929 2083 mutantur.
948 2029 1048 2084 Fabula
1060 2030 1120 2083 satis
1135 2029 1266 2082 celebrata
1279 2049 1296 2083 a

780 2107 949 2176 scriptoribus
959 2107 1081 2177 'antiquis
1105 2105 1214 2160 Confer.
1225 2109 1295 2161 Ho-

780 2203 887 2252 merus,
907 2185 938 2240 ll.
950 2187 981 2254 Ι,
1002 2189 1066 2259 529;
1092 2185 1294 2254 Callimachus,

781 2263 873 2338 hymn.
886 2264 966 2317 Dian.
981 2264 1045 2328 216;
1066 2263 1216 2332 Diodorus,
1234 2265 1294 2333 IV,

781 2362 806 2411 p.
819 2345 886 2410 ²4⁰3
904 2341 1094 2412 Apollodorus,
1109 2345 1140 2410 Ι,
1161 2357 1236 2410 vm,
1255 2364 1271 2396 a
1284 2365 1293 2410 ;

781 2421 839 2488 ΙΙΙ,
853 2439 897 2486 rx,
911 2421 1293 2493 23Hyginus,sab.171-174;

780 2499 939 2566 Pausanias,
952 2498 1048 2552 Aroad.
1060 2519 1084 2568 p.
1097 2499 1145 2570 bqr
1156 2521 1163 2564 ;
1175 2499 1296 2552 Antoni-

780 2595 847 2644 nus,
863 2597 895 2644 a,
909 2596 941 2630 ex
952 2577 1095 2632 Nicandro.
1110 2577 1199 2630 Etiam
1213 2577 1295 2631 Phe-

780 2653 890 2726 recydes
903 2665 931 2708 et
949 2654 1105 2724 Euphorion
1118 2667 1295 2712 narraverant

779 2733 910 2800 fabulam,
925 2744 983 2786 tum
997 2732 1137 2803 Euripides
1148 2735 1177 2786 in
1190 2735 1294 2788 Melea·

780 2827 828 2877 gro
839 2819 1012 2877 tractaverat,
1026 2810 1097 2863 unde
1106 2831 1162 2864 non
1172 2812 1222 2865 nisi
1229 2830 1294 2882 pau·

779 2905 809 2940 ca
820 2889 968 2958 fragmenta
977 2899 1120 2958 supersunt
1128 2929 1136 2957 ,
1144 2907 1203 2959 quae
1211 2889 1295 2945 habes

779 2965 808 3019 in
822 2966 962 3022 Valkenar.
974 2967 1060 3020 Diatr.
1068 2987 1093 3038 p.
1105 2968 1211 3037 137sqq.
1222 2967 1294 3024 Eam

778 3043 893 3096 fabulam
905 3045 1014 3098 latinam
1025 3045 1123 3098 fecerat
1140 3045 1237 3098 Attius.
1257 3046 1294 3100 In

778 3124 864 3193 prima
875 3124 961 3196 mytbi
979 3133 1054 3194 parte
1070 3143 1154 3192 usque
1171 3123 1206 3176 ad
1223 3143 1295 3176 ver-

778 3221 838 3254 sum
850 3204 915 3270 300,
929 3203 1028 3258 Noster
1038 3203 1191 3254 Homerum
1200 3202 1294 3272 sequi-

778 3289 832 3347 tur,
840 3279 989 3350 etsingula,
1000 3299 1058 3350 quae
1065 3280 1107 3334 ille
1114 3281 1229 3334 breviter
1236 3295 1299 3334 me·'

778 3371 882 3429 morat,
894 3381 942 3416 suo
954 3359 1036 3413 modo
1049 3372 1166 3415 exornat.
1182 3361 1294 3416 Transit

778 3451 868 3496 autem
879 3441 912 3494 ad
923 3461 978 3510 sqq.
990 3461 1038 3510 per
1054 3444 1147 3495 Thesei
1154 3443 1294 3494 laudes.-

777 3520 928 3586 Jamque...
937 3520 1092 3570 artemam.
1104 3517 1174 3571 Vide
1186 3516 1219 3570 ad
1230 3537 1296 3572 ver-

777 3615 838 3651 sum
853 3597 907 3650 183.
920 3623 954 3638 -·
967 3601 1112 3666 Fatr‘gatum
1130 3597 1171 3650 vel
1182 3596 1293 3666 volatu,

776 3673 819 3726 vel
830 3673 903 3727 luctu
916 3685 943 3728 et
952 3674 1093 3740 autumnis,
1111 3683 1142 3727 ut
1154 3675 1205 3740 IV,
1220 3675 1293 3742 553,

779 3750 896 3806 Cadmus
906 3757 975 3806 luctu
986 3757 1095 3820 seraeque
1104 3754 1226 3804 matarum
1234 3755 1296 3802 or'c-

776 3841 826 3886 tas.
840 3863 874 3875 -
890 3835 980 3888 Armua
997 3844 1090 3887 contra
1104 3832 1220 3900 Minoa,
1243 3832 1294 3900 qui

777 3910 918 3966 Daedalum
929 3913 977 3966 sibi
990 3911 1152 3981 deposcebat.
1165 3938 1199 3952 ·-
1214 3911 1293 3964 Mitis

777 3993 927 4052 habebatur,
942 3989 1172 4044 commiseratione
1187 3987 1295 4043 Daedali

777 4070 862 4122 tactus
874 4087 937 4122 eum
952 4068 982 4120 in
1002 4067 1114 4122 tutelam
1132 4078 1270 4136 receperat
1284 4088 1302 4122 :-

776 4139 917 4212 habebatur
926 4165 975 4215 pro
985 4146 1085 4216 vulgari
1097 4185 1105 4214 ,
1121 4155 1185 4199 erat.

809 4224 866 4277 263.
882 4227 983 4286 huda,
1002 4225 1099 4278 virtute
1117 4225 1142 4278 T
1178 4223 1214 4278 sei
1232 4223 1293 4294 glo-

776 4301 853 4358 riosa.
865 4304 898 4358 In
906 4303 1091 4373 antiquissimis
1103 4301 1138 4357 do
1190 4301 1219 4356 ‘is
1226 4339 1235 4371 ,
1247 4302 1291 4357 lae·
