2836 4986
226 471 760 540 METAMORPHOSEON
785 474 885 540 LIB.
912 474 1028 543 VIII.
1121 477 1158 543 13

101 647 117 678 o
136 613 206 709 Qui
221 629 253 686 te
267 611 464 712 progenuit,
484 629 599 688 taurus
612 611 687 686 suit.
705 611 810 708 Exige
825 641 965 714 ponas,
1116 637 1163 688 125

100 763 117 794 »
134 729 211 803 Nise
228 746 345 830 pater:
361 728 501 824 gandete
516 727 611 802 malis
628 727 730 802 modo
746 727 881 828 prodita
892 730 1017 803 nostris

99 877 117 909 »
136 844 284 918 Moenia:
300 873 379 920 nam
394 843 520 934 fateor,
536 844 663 932 merni;
681 861 715 918 et
729 873 804 918 sum
820 844 921 940 digna
938 845 1056 946 perire.

100 993 118 1024 o
136 961 192 1033 Me
211 977 323 1034 tamen
340 989 380 1034 ex
395 958 462 1034 illis
479 958 619 1060 aliquis,
639 987 726 1060 quos
743 959 847 1060 impia
864 958 953 1046 laesi,

100 1110 118 1141 n
136 1077 192 1149 Me
208 1077 372 1176 perimat:
387 1106 466 1164 cur,
485 1075 543 1178 qui
560 1074 668 1150 vicisti
684 1075 820 1150 crimine
836 1093 973 1165 nostro,

100 1226 118 1258 »
136 1193 324 1293 Insequeris
340 1192 491 1267 crimen?
506 1189 613 1266 scelus
627 1191 693 1264 hoc
708 1192 904 1293 patriaeque,
919 1192 1090 1294 patrique,
1118 1217 1164 1269 rao

100 1342 117 1372 »
137 1308 295 1382 Officium
310 1309 374 1382 tibi
391 1309 458 1382 sit:
474 1326 505 1384 te
523 1336 597 1383 vere
613 1309 754 1407 conjuge
774 1307 875 1404 digna
891 1327 960 1395 est,
998 1379 1003 1390 ,

99 1456 116 1487 »
135 1423 219 1520 Quae
237 1441 367 1496 torvum
383 1421 475 1518 ligno
494 1423 624 1524 decepit
640 1421 789 1497 adultera
807 1439 961 1510 taurum;

99 1573 116 1604 »
135 1538 397 1639 Discordemquc
414 1556 510 1612 utero
527 1538 645 1612 loetum
664 1537 763 1612 tulit:
779 1537 900 1639 ecquid
917 1538 959 1612 ad
974 1567 1068 1615 aures

99 1697 116 1726 »
134 1663 335 1736 Perveniunt
351 1690 423 1736 mea
440 1662 528 1735 dicta
544 1663 640 1736 tuas?
657 1691 700 1734 an
715 1662 827 1735 inania
841 1662 932 1736 venti

99 1820 116 1850 o
134 1787 246 1860 Verba
264 1787 396 1875 scrunt;
416 1787 569 1887 idemque
586 1804 680 1876 tuas,
696 1786 844 1881 ingrate,
864 1787 1019 1861 carinas?
1118 1811 1164 1863 135

98 1943 117 1974 »
134 1912 208 1982 Jam
219 1910 287 2008 jam
302 1908 489 2010 Pasiphaen
505 1939 575 1982 non
592 1927 642 1982 est
659 1907 811 1982 mirabile
829 1925 961 1984 taurum

98 2118 279 2187 opponebatur
304 2122 413 2186 1'uragirri
427 2123 502 2172 lauri.
527 2119 603 2172 Bur-
653 2115 748 2172 stiterit
763 2118 819 2186 ejus
835 2117 949 2187 conjugi.
965 2117 1163 2188 Heyniusvero

99 2215 210 2249 mannus
221 2195 331 2248 dederat
340 2195 415 2261 serus
433 2217 442 2250 .·
459 2195 530 2266 quod
545 2215 605 2249 am·
652 2195 686 2248 ad
699 2195 853 2265 Virgilium,
864 2193 971 2249 AEneid.
980 2195 1036 2261 VI,
1049 2195 1164 2260 ab,sus-

97 2273 224 2327 bonostri
242 2273 318 2344 Regii
331 2273 447 2339 babent;
465 2275 511 2328 sed
522 2275 603 2328 malui
652 2275 770 2343 picatnr,
784 2273 900 2327 fabulam
917 2291 948 2326 er
967 2283 1033 2326 noto
1053 2271 1161 2340 Crete,
1241 2273 1244 2278 ’

96 2371 188 2414 merus,
202 2361 310 2421 propter
321 2362 446 2406 metrum.
458 2355 509 2406 Ed.
653 2351 747 2404 Sicilia
755 2362 782 2404 et
791 2349 872 2404 Italia
880 2349 1037 2404 emblemate
1046 2348 1162 2414 ductam,

130 2431 184 2483 130.
204 2432 362 2499 Insequen's,
379 2431 528 2498 insectaris,
547 2451 603 2486 non
653 2427 724 2497 quod
736 2428 849 2498 liguram
866 2428 934 2481 tauri
947 2447 1009 2482 cum
1021 2429 1104 2498 capite
1114 2429 1164 2480 viri
1187 2421 1188 2424 ¹

97 2507 170 2560 obvia
181 2507 253 2560 verbi
265 2507 476 2577 significatione,
493 2516 603 2562 notante
652 2505 753 2559 barbati
776 2505 942 2574 exhibuerit,
963 2506 1016 2560 sive
1036 2506 1063 2558 id
1085 2506 1163 2576 patrii

97 2585 259 2638 Burmanno.
273 2584 341 2638 Vide
356 2604 406 2638 nos
419 2585 451 2638 ad
464 2586 581 2640 Plinium
595 2628 603 2655 ,
653 2584 725 2638 fluvii
737 2585 944 2656 signumsuerit,
955 2587 1008 2640 sive
1018 2586 1093 2640 Solis.
1102 2590 1163 2642 Dis-

97 2661 149 2714 Vll
159 2701 167 2727 ,
179 2662 228 2732 Ep.
241 2679 294 2714 1111
305 2702 313 2728 ,
326 2666 348 2716 5.
356 2687 389 2702 ·-
398 2663 528 2733 Officium,
542 2665 603 2734 qnia
652 2683 709 2717 cors
720 2663 753 2734 ad
765 2664 896 2734 duplicem
913 2664 1060 2718 Minotauri
1077 2676 1162 2720 natu-

97 2746 184 2794 sceleri
201 2742 351 2811 oppositum
374 2752 413 2794 est
435 2741 603 2796 beneficium.
651 2763 710 2798 raro
719 2745 900 2814 referendum,
910 2765 959 2816 pro
969 2765 1094 2814 quovers.
1106 2747 1162 2812 156,

99 2819 204 2889 Cicero,
217 2820 251 2874 ad
264 2821 331 2873 Her.
346 2819 389 2887 11,
406 2839 450 2890 17,
458 2824 534 2888 plura
544 2817 604 2891 usfi-
650 2834 784 2876 monstrum
798 2825 917 2892 biforme,
937 2835 964 2877 et
983 2825 1047 2896 169,
1062 2829 1163 2892 gemr'rra

96 2902 232 2967 armum
243 2901 376 2967 maleficis.
416 2961 418 2968 γ
641 2901 1162 2971 figura.Discordrnrautem,quodHein·

129 2976 182 3029 132.
196 2979 258 3043 Quae
269 2986 363 3028 tomum
373 2979 442 3044 legno
452 2985 500 3029 etc
513 2976 602 3030 Acer·
651 2979 703 3032 sius
722 2979 794 3032 nulla
811 2980 965 3034 auctoritate
983 2980 1011 3032 in
1031 2983 1162 3032 dissertum

92 3052 196 3108 bissima
208 3054 374 3124 exprobratio
385 3053 417 3106 de
430 3053 565 3107 horrendo
575 3064 604 3108 et
651 3069 814 3126 mutaverat,
826 3059 884 3126 jure
895 3059 1037 3114 restituisse
1050 3057 1115 3112 mihi
1128 3058 1162 3112 vi-

46 3187 53 3200 f
96 3132 209 3186 nefando
217 3129 468 3202 Pasiphaesflagitio.
476 3131 602 3202 Pasiphae
652 3139 740 3194 deor:
759 3139 927 3207 aLucretio,
948 3139 990 3206 V,
1005 3141 1069 3211 892,
1085 3137 1164 3192 Cen-

96 3211 183 3280 enim,
200 3213 422 3280 Minoisconjux,
435 3232 518 3282 quum
527 3225 603 3266 tauro
652 3217 733 3270 tauris
752 3227 779 3272 et
797 3217 889 3290 Scyllae
912 3220 1041 3270 discordia
1056 3221 1164 3270 membra

96 3301 232 3357 ureretur,
248 3291 294 3359 qni
304 3309 409 3344 vaccam
419 3291 522 3344 mulieri
534 3310 604 3360 prae-
652 3297 822 3360 tribuuntur;
842 3295 911 3366 apud
925 3296 1074 3360 Senecam,
1088 3292 1163 3346 Med.

95 3368 195 3436 ferret,
215 3367 339 3422 Daedalus
359 3369 420 3420 lecit
437 3387 542 3422 vaccam
563 3374 602 3421 li-
653 3374 714 3444 773,
732 3377 858 3444 Typhoeus
877 3377 993 3436 discors,
1014 3373 1075 3442 quia
1094 3391 1159 3424 cor·

92 3468 193 3514 mam,
205 3449 278 3502 corio
289 3447 425 3502 inductam
435 3487 442 3515 ,
454 3449 481 3502 in
490 3468 541 3518 qua
550 3450 603 3504 Pa·
650 3453 708 3522 pori
716 3451 835 3506 humano
845 3451 969 3522 anguinei
978 3450 1058 3520 pedes
1070 3447 1160 3504 additi.

93 3526 179 3596 siphae
187 3545 249 3581 cum
259 3537 335 3579 tauro
348 3528 506 3594 concubuit,
521 3548 552 3582 ex
560 3546 603 3580 eo·
652 3530 741 3584 Etiam
753 3530 867 3586 Sabinus
881 3569 888 3596 ,
907 3531 938 3596 I,
952 3530 992 3582 35.
1005 3528 1087 3582 MSS.
1103 3547 1164 3580 orn-

93 3623 142 3674 que
158 3607 300 3660 concubitu
312 3606 503 3662 'Minotaurum
516 3629 602 3678 pepe·
651 3627 718 3675 nes,
731 3612 758 3660 irr
771 3628 821 3660 urro
832 3625 933 3674 corpore
943 3609 1041 3660 discors
1052 3609 1165 3660 Parrhe-

91 3684 139 3746 rit,
159 3685 242 3754 capite
255 3684 373 3750 bubulo,
387 3695 460 3753 parte
478 3685 602 3738 inferiore
651 3705 721 3753 rope.
730 3683 833 3738 Contra
840 3683 1026 3748 dr'ssorsl'oret,
1037 3682 1100 3736 alius
1109 3702 1166 3738 sor-

89 3760 220 3827 bumana3
231 3763 295 3818 hinc
306 3767 406 3818 discors
413 3763 504 3831 satus.
519 3763 604 3832 Apol·
652 3765 701 3831 tis,
714 3775 817 3818 naturae
829 3782 885 3816 non
899 3763 1032 3818 bumanae.

88 3839 211 3910 lodorus,
226 3843 285 3906 III,
302 3857 330 3909 1,
349 3846 379 3909 4;
398 3841 539 3914 Hyginus,
552 3840 603 3895 sab.
687 3844 741 3910 134.
752 3845 859 3905 Irorrr'rr,
874 3862 995 3913 quaenon
1009 3842 1163 3910 audiuntur,

89 3926 129 3988 40.
152 3920 334 3992 Palaephatus,
359 3942 414 3992 cap.
433 3922 604 3988 a,sabulam
652 3926 741 3984 verba,
752 3921 817 3974 item
824 3932 885 3976 vota
894 3921 1167 3988 irritadicunturserri

89 4001 217 4054 examinat
227 4040 234 4067 ,
244 4011 392 4070 putatque,
407 3998 481 4052 bunc
495 4000 604 4051 Taurum
651 4023 670 4055 a
680 4006 762 4057 matrs
782 4012 809 4054 et
826 4005 898 4055 tradi
909 4006 990 4056 aerias
1005 4021 1012 4052 .’
1028 4001 1147 4054 Tibullus
1150 4041 1163 4082 7

90 4079 166 4133 luisse
185 4081 334 4134 scruposum
356 4077 582 4132 adolescentulum
595 4115 602 4144 ,
653 4081 683 4147 Ι,
701 4097 735 4147 v,
748 4081 795 4144 353
809 4081 871 4147 111,
886 4098 932 4148 1v,
944 4081 984 4152 96.
997 4080 1032 4132 Et
1043 4079 1094 4133 boc
1106 4081 1163 4133 loco

91 4159 154 4224 qui,
175 4180 256 4228 quum
270 4159 365 4213 Minos
383 4155 537 4226 genitalibus
552 4156 604 4209 ali-
653 4170 727 4213 tanto
740 4160 841 4228 aptius,
863 4160 923 4228 quia
937 4159 1054 4228 loquitur
1065 4159 1164 4220 adna-

92 4237 531 4306 quandolaboraret,officiosumse
540 4255 604 4308 prae·
654 4255 717 4304 ves,
733 4256 792 4307 quas
804 4238 950 4308 agebantur
965 4237 1082 4291 aventis.
