2836 4986
241 503 284 571 36
354 595 358 602 ,
526 499 773 589 norrun
795 499 1019 569 ussurus

238 615 419 728 «Discite,
439 639 588 715 femineis
607 641 688 742 quid
706 639 769 714 tela
787 639 892 714 virilia
907 659 1083 742 prestent,

236 800 254 832 s
275 766 478 864 Ojuvenes,
499 762 658 863 operique
675 791 749 836 meo
765 763 954 851 concedite,
973 763 1066 868 dixit.

242 916 257 946 n
278 885 356 981 lpsa
375 876 444 954 suis
460 878 539 952 licet
554 879 643 952 hunc
659 877 799 952 Latonia
816 895 970 979 protegat
986 880 1103 966 armis;

240 1029 257 1062 ιν
279 997 379 1068 Hunc
397 991 506 1066 tamen
523 991 626 1064 invita
643 992 783 1092 perimet
799 1021 871 1066 mea
888 993 1001 1068 dextra
1016 994 1132 1067 Diana.
1152 1027 1170 1060 n
1254 1019 1308 1088 395

235 1110 329 1184 Talia
346 1107 562 1208 magniloquo
581 1106 728 1182 tumidus
745 1126 979 1182 memoraverat
996 1091 1085 1196 orep

235 1226 493 1325 Ancipitemque
508 1253 607 1298 manu
626 1223 747 1298 tollens
764 1241 905 1324 utraque
922 1225 1081 1310 securim,

237 1344 407 1417 Institerat
423 1341 558 1436 digitis,
577 1340 704 1441 primos
721 1367 902 1440 suspensus
917 1342 953 1412 in
970 1359 1070 1414 artus.

196 1461 204 1477 ⁹
239 1461 391 1559 Occupat
407 1457 581 1542 audacem,
600 1484 731 1555 quaque
747 1471 797 1528 est
813 1455 865 1528 via
881 1457 1030 1555 proxima
1047 1455 1135 1542 leto,

238 1576 373 1648 Summa
389 1573 478 1647 serus
496 1573 645 1665 geminos
662 1569 781 1648 direxit
797 1571 833 1642 in
850 1571 986 1666 inguina
1003 1573 1127 1646 dentes.
1257 1593 1310 1661 400

239 1689 397 1763 Concidit
411 1690 552 1762 Aneaeus
567 1715 574 1758 ε
590 1686 834 1786 glomerataque
852 1689 1010 1783 sauguine
1027 1688 1133 1762 multo

239 1807 373 1880 Viscera
389 1803 481 1904 lapsa
496 1803 624 1889 fluunt,
642 1801 888 1904 madefactaque
908 1823 992 1878 terra
1006 1796 1123 1878 eruore
1139 1821 1197 1877 est.
1279 1793 1283 1807 ⁸

238 1921 313 2009 lbet
327 1922 364 1994 in
379 1919 569 2006 adversum,
588 1915 699 2018 proles
713 1917 862 2022 ¹Ixionis,
883 1919 1012 2026 hostem

239 2121 285 2174 des
297 2139 328 2172 ex
339 2116 527 2172 emendatione
542 2114 683 2170 Schraderi
692 2155 699 2182 ‚
707 2141 751 2202 ‚er-
798 2125 869 2170 artus
878 2137 936 2171 esse
947 2119 1045 2187 primas
1055 2119 1191 2187 ¹juncturas
1204 2100 1308 2192 digito-

238 2204 317 2258 )έκεως
333 2193 357 2251 di
371 2203 480 2263 δίστομον
497 2199 565 2248 rinna
577 2193 599 2261 γ’
611 2194 686 2247 icell'
695 2206 753 2262 Ap·
798 2211 860 2246 rum
871 2189 899 2246 in
911 2193 1036 2262 pedibus,
1050 2193 1101 2248 hoc
1113 2195 1184 2248 enim
1196 2197 1307 2252 nomine

239 2289 308 2337 καῖος.
322 2275 410 2329 Etiam
419 2273 447 2326 in
458 2281 637 2326 monumento
645 2273 754 2343 Tegeat.
798 2271 937 2342 significari
946 2291 992 2340 ea,
1004 2273 1097 2343 quibus
1104 2275 1309 2330 membracorn-

207 2361 209 2364 ’
238 2372 372 2424 expressus
387 2361 444 2406 erat
456 2370 519 2405 curn
533 2355 635 2418 bipenni
641 2349 765 2415 demissa,
799 2353 939 2408 mittantur
950 2369 956 2403 τ
967 2371 1061 2408 verum
1070 2354 1199 2424 juncturis
1211 2356 1259 2408 illis
1267 2376 1309 2409 so-

238 2435 293 2504 jam
309 2431 412 2486 saucius
427 2450 433 2483 ι
447 2427 509 2484 euin
522 2429 554 2482 ab
569 2448 633 2498 apro
645 2422 758 2499 percus·¹
798 2429 829 2484 lis
836 2449 891 2483 non
899 2430 1041 2485 insistimus
1051 2433 1176 2486 :omnino
1184 2429 1309 2488 extremae

170 2550 173 2558 .
238 2528 298 2564 sum
310 2528 382 2575 esse,
397 2507 564 2579 Pherecydes
573 2525 678 2575 quoque
688 2525 753 2558 nar·
799 2507 942 2578 digitorum
953 2499 1039 2578 partes
1051 2509 1248 2579 intelligentam
1261 2514 1309 2580 qui

239 2601 361 2652 reverat3
381 2587 539 2642 scholiastes
552 2587 701 2656 Apollonii,
721 2587 750 2652 l,
798 2585 835 2638 ita
856 2596 924 2652 stat,
943 2606 1077 2656 suspensus
1094 2588 1196 2643 dicitur.
1221 2589 1309 2644 Aliter

243 2672 308 2733 1883
329 2658 505 2737 Apollodorus
528 2663 601 2718 addit
625 2665 753 2737 Hyleum.
800 2663 971 2732 AEneid.1x,
982 2669 1045 2738 749,
1058 2669 1311 2721 sublatumallecon·

242 2751 295 2804 Hic
304 2750 376 2804 locus
387 2747 561 2817 proponitur,
571 2755 601 2798 ut
611 2745 753 2815 impietatis
799 2748 881 2811 surget
889 2749 917 2796 1‘n
929 2763 1021 2798 ensem.
1032 2773 1067 2786 ·-
1077 2745 1263 2813 ermannus,
1276 2747 1311 2801 ad

241 2839 269 2882 et
281 2823 751 2896 arrogantiaridiculumexemplum,
801 2821 860 2873 Art.
879 2821 998 2876 Amator.
1020 2823 1055 2892 l,
1079 2823 1145 2888 608,
1167 2822 1311 2879 discrimen

241 2907 275 2963 ad
287 2907 360 2978 quod
372 2904 545 2976 spectandum
556 2903 640 2956 lector
656 2902 712 2975 jam
723 2902 753 2953 in
800 2897 921 2950 observat
933 2938 941 2965 ,
960 2897 1030 2968 quod
1044 2910 1083 2952 est
1099 2901 1170 2953 iuter
1187 2903 1310 2955 audacem

241 2985 369 3058 principio
386 3001 450 3036 voce
468 2983 538 3034 Ecce
557 2978 754 3034 advertitur·
800 2979 973 3031 etwdenten.
987 2978 1085 3032 Aahx
1092 2989 1130 3048 est
1139 2981 1311 3046 temerarius,

240 3067 312 3117 rurae
319 3070 407 3116 contra
418 3059 536 3127 suasam
543 3056 589 3126 qui
602 3055 752 3110 temeritate
800 3054 883 3122 qualis
894 3054 1170 3122 tuitAnceus‚ve1su
1179 3061 1228 3128 407
1243 3061 1310 3114 :sed

241 3151 360 3197 anaante
379 3138 451 3190 diem
468 3147 585 3190 mortem
601 3133 710 3204 oppetit.
721 3159 754 3174 ·-·
800 3135 910 3195 audens,
923 3133 1014 3201 sortis,
1027 3135 1175 3200 animosus,
1187 3149 1312 3192 constans

228 3285 229 3289 Ἰ
245 3223 327 3288 Quid,
343 3226 488 3287 quantum,
500 3233 556 3267 non
568 3212 628 3267 satis
640 3211 754 3264 latinum
801 3211 846 3279 qui
858 3211 990 3280 intrepido
999 3213 1091 3266 animo
1102 3214 1193 3268 omnia
1209 3215 1311 3286 adgre-

240 3298 339 3370 judicat
348 3293 474 3350 Heinsius
484 3293 533 3362 qui
539 3291 629 3344 mallet
636 3308 697 3364 cnm
708 3288 754 3342 tri-
801 3287 874 3342 ditur
881 3289 960 3343 :male
967 3290 1056 3360 igitur,
1063 3292 1225 3360 quilsocloco
1232 3295 1313 3365 vulgo

242 3380 292 3432 bus
302 3374 384 3430 MSS.
392 3392 474 3442 quam
487 3371 564 3440 Regii
575 3369 673 3435 nostri,
686 3371 754 3436 quoi.
800 3370 978 3420 audentem-
986 3370 1113 3436 Occupat,
1123 3369 1195 3439 prior
1201 3371 1311 3428 invadit.

242 3483 276 3496 -
288 3454 420 3507 Concedite
431 3467 479 3521 pro
490 3446 601 3516 simplici
614 3449 702 3500 cedite.
800 3471 835 3486 ·-
844 3447 900 3512 (Ina
910 3450 1147 3513 mnpmerinaleto:
1160 3447 1225 3501 AEn.
1237 3451 1310 3518 XII,

275 3531 332 3602 397.
345 3524 754 3594 Secnrtsettipennnpromiscue
803 3527 870 3592 507,
890 3543 940 3592 qna
953 3523 1018 3593 sata
1040 3529 1186 3590 celem'na,
1211 3546 1310 3598 nempe
1403 3535 1404 3544 ’

243 3619 381 3680 ponuntur
393 3607 517 3677 sportis,
530 3622 613 3674 quum
624 3603 755 3673 praecipue
803 3603 865 3671 qnia
871 3602 987 3656 anterior
994 3603 1141 3658 abdominis
1147 3623 1206 3673 pars
1211 3607 1312 3660 ossibus

242 3687 323 3754 hujus
337 3705 398 3739 inus
409 3695 477 3738 esset
488 3685 516 3736 in
527 3682 621 3750 bellis,
644 3682 712 3736 illius
725 3682 755 3734 in
802 3679 953 3736 defenditur
959 3681 1043 3736 nullis.
1052 3681 1142 3734 Etiam
1150 3683 1310 3752 Pausanias,
1354 3729 1358 3736 .

243 3763 363 3817 victimis.
373 3761 442 3814 Vide
452 3760 586 3814 Drakenb.
596 3759 630 3812 ad
640 3759 735 3813 Silium
745 3798 753 3826 ,
802 3779 828 3830 p.
841 3760 907 3827 tot,
920 3760 953 3814 de
966 3761 1065 3814 Ancaeo
1077 3799 1085 3826 ,
1104 3761 1209 3814 &eitun
1219 3766 1261 3815 ὑπὸ
1273 3769 1313 3818 τέῡ

245 3857 311 3907 xva,
329 3839 385 3906 254.
400 3865 434 3878 -
448 3839 580 3891 institerat
588 3839 691 3904 degeres,
705 3847 754 3891 etc
803 3843 846 3898 ὑός.
858 3837 958 3892 Femur
969 3839 1026 3906 ejus
1037 3837 1162 3892 haustum
1175 3858 1230 3892 esse
1242 3839 1312 3892 dixe·

245 3917 372 3972 Heinsius
383 3915 447 3968 olim
456 3913 559 3965 volebat
568 3916 754 3980 Institeratpri·
803 3927 844 3970 rat
859 3913 1023 3969 Pherecides.
1042 3913 1131 3968 Verba
1143 3917 1310 3984 madefacta-

145 4035 149 4043 .
245 4001 295 4049 nn
305 3997 408 4062 digitis,
421 4007 557 4058 suspensus
566 3995 594 4040 r'n
602 4000 689 4051 arins,
702 3989 756 4042 im-
802 4011 849 4060 pne
859 4003 908 4046 etc.
919 3992 1012 4046 melius
1023 3993 1158 4057 abessem
1171 3991 1223 4046 hoe
1236 3994 1310 4048 enim

154 4108 159 4121 ,
246 4073 375 4144 probante
390 4070 555 4125 Burmauno.
572 4066 663 4121 Nostri
679 4067 756 4137 Regii
802 4081 895 4139 sponte
901 4069 1238 4138 intelligiturarangerrat,
1246 4091 1311 4124 nam

134 4151 135 4154 ’
245 4151 361 4215 liabent,
375 4165 434 4217 quse
448 4145 508 4198 data
526 4153 585 4211 est,
605 4143 755 4199 lectionem.
802 4148 823 4202 si
837 4152 942 4214 sanfflr‘s
953 4150 1131 4214 nultnsflnr't,
1149 4167 1253 4202 necans
1271 4161 1311 4204 est

246 4230 323 4286 ldem
341 4229 512 4284 Burmannus
531 4234 643 4292 monet,
660 4229 756 4292 prensos
804 4225 1027 4295 terramlrocipso
1039 4226 1244 4282 materiatae.
1291 4285 1296 4310 1
