2836 4986
245 495 287 560 30

529 490 568 555 P.
596 486 774 558 OVIDII
800 485 1033 557 NASONIS

242 636 387 738 Impiger
401 630 589 733 Eurytion,
608 647 642 704 et
659 658 758 704 cursu
774 631 918 704 invictus
934 625 1083 720 Echion,
1153 627 1157 646 ’

242 752 470 854 Naryciusque
486 744 604 834 Lelex,
622 743 885 848 Panopeusque,
905 746 1117 850 Hyleusque,
1135 749 1298 850 feroxque

244 868 433 968 Hippasus,
453 880 487 938 et
502 863 620 965 primis
637 863 818 937 etiamnum
833 863 958 936 Nestor
972 862 1009 938 in
1026 863 1144 938 armis:

242 987 289 1056 Et
306 1010 390 1083 quos
408 981 614 1081 Hippocoon
631 979 779 1080 antiquis
794 978 887 1052 misit
903 977 1069 1081 Amyclis;

242 1087 495 1198 Penelopesqrie
513 1125 623 1184 socer,
642 1125 716 1169 eum
733 1095 909 1170 Parrhasio
926 1097 1068 1183 Aueaeo;

1271 1122 1326 1176 315

243 1219 511 1324 Ampycidesque
527 1247 646 1315 sagax,
664 1237 697 1292 et
712 1219 821 1293 adbuc
838 1250 856 1293 a
874 1219 1016 1318 conjuge
1033 1237 1127 1294 tutus

185 1447 190 1460 ἢ
244 1343 420 1430 OEclide's3
439 1344 652 1459 nemorisque
670 1343 769 1415 decus
787 1342 922 1437 Tegeaea
939 1343 1048 1444 Lycei.

244 1467 368 1544 Rasilis
385 1467 464 1540 huie
483 1493 644 1540 summam
660 1463 834 1538 mordebat
850 1463 955 1538 fibula
970 1483 1112 1554 vestem3

278 1681 335 1734 312.
348 1680 452 1750 Naryx,
463 1677 526 1731 urbs
535 1676 698 1743 Locrorum,
711 1676 757 1746 qni

244 1757 362 1826 aLelege
372 1755 480 1824 Leleges
488 1755 551 1806 olim
561 1754 690 1824 appellati.
702 1754 757 1807 Pli-

243 1835 319 1900 nius,
330 1833 382 1900 lv,
393 1835 605 1904 7.—E!1amnam.
614 1831 706 1884 Codex
715 1831 754 1896 A,

240 1917 319 1965 etiam
331 1921 405 1974 trenc‚·
422 1908 513 1962 Codex
525 1910 568 1976 B,
588 1914 664 1963 etiam
681 1929 754 1962 nanc.

243 1992 367 2044 -Armr's
376 2009 391 2042 e
401 1987 484 2042 MSS.
492 1987 698 2041 deditlleinsius
706 2005 755 2058 pro

242 2075 320 2124 anab
327 2067 410 2138 (quod
417 2068 516 2120 babent
524 2067 608 2120 nostri
617 2066 757 2136 Regii).—

242 2153 336 2202 Prtbu‘s
345 2152 373 2200 a'a
385 2152 463 2200 amis
471 2161 481 2210 ‚⁸
500 2144 559 2197 vide
570 2143 602 2196 ad
616 2145 684 2210 ΧΠ,
701 2147 754 2198 183.

242 2257 276 2268 -
294 2217 443 2294 ffi'ppacoon
458 2224 566 2277 miserat
586 2222 653 2276 filios
675 2215 753 2289 suos,

243 2307 411 2372 Eraesimum,
420 2304 549 2358 Alconem
558 2312 584 2356 et
594 2302 754 2372 Dexippum.

241 2389 403 2448 -Amr'clae,
416 2385 478 2438 urbs
490 2384 599 2452 antiqua
607 2381 736 2436 Laconica.

274 2465 330 2516 315.
353 2465 489 2529 Penelopes
513 2480 601 2526 socer,
623 2460 752 2526 Laertes,

241 2541 342 2612 Ulyssis
354 2549 436 2609 pater.
448 2567 482 2578 -
492 2539 621 2602 Ancaus,
639 2538 754 2611 Lycurgi

241 2620 528 2680 silius—Parrhasias,
543 2617 632 2670 Arcas.
641 2621 754 2676 --Am-¹

235 2700 360 2772 meldas,
382 2695 513 2765 Mopsus,
534 2695 648 2766 Ampyci
662 2695 751 2759 filius,

241 2795 324 2844 augur
335 2785 361 2827 et
370 2773 510 2828 vatesilll
521 2811 529 2838 ,
543 2774 750 2840 lib-Sagae,

240 2855 332 2908 confer
341 2851 377 2917 V,
390 2851 611 2917 adb-OEclidas,
626 2849 753 2919 Amphia-

239 2951 321 2997 raus,
341 2929 429 2982 OEclei
446 2928 533 2994 filius,
551 2928 711 2981 vaticinandi
725 2939 752 2981 et

237 3010 292 3079 ipse
314 3007 504 3078 peritissimus,
524 3025 605 3075 quern
626 3005 752 3077 Eriphyla

238 3105 304 3138 uxor
312 3083 428 3158 prodidit
436 3083 564 3148 Adrasto,
576 3082 674 3136 bellum
682 3083 752 3135 Tbe-

237 3165 312 3220 banis
323 3161 451 3217 moventi.
465 3162 604 3233 Hyginus,
620 3161 670 3214 sab.
689 3163 750 3224 128;

237 3245 329 3299 consec
342 3241 515 3312 Euripidem,
528 3239 623 3294 Pbuen.
638 3243 683 3310 175
695 3259 750 3308 sqq.

271 3326 328 3394 317.
344 3319 445 3392 Tegaa,
455 3319 552 3390 oppido
562 3317 691 3386 Arcadiae,
705 3321 753 3371 Te-

235 3424 306 3472 geaa
325 3402 408 3467 dicta,
427 3399 473 3453 sed
488 3399 556 3452 insra
568 3437 575 3464 ,
588 3417 667 3453 versu
683 3398 749 3464 426,

238 3487 400 3550 Nonacrina,
412 3491 440 3534 et
450 3479 561 3533 Heroid.
571 3477 621 3544 lV,
629 3499 662 3551 qq
671 3479 753 3543 ,Ma-

237 3563 316 3613 nala'a.
325 3559 378 3612 Hic
387 3557 504 3632 intellige
512 3558 649 3610 Atalanta.
660 3556 679 3608 J
681 3573 751 3607 uve-

237 3655 302 3704 nes,
315 3657 350 3690 ne
362 3637 467 3689 nudum
486 3635 629 3689 nominum
647 3633 750 3687 catalo-

237 3733 300 3786 gum
312 3726 474 3784 apponeret,
490 3715 591 3768 notavit
604 3713 713 3784 quidem
722 3723 751 3766 et

236 3795 317 3862 ipsos,
326 3792 373 3846 sed
382 3793 505 3846 breviter.
515 3793 668 3846 Atalantam
675 3811 749 3858 vero,

236 3881 267 3924 ut
277 3870 395 3924 nobilem
404 3869 432 3922 in
441 3870 554 3942 mythis,
568 3880 595 3922 et
606 3871 748 3935 seminam,

235 3960 264 4002 et
281 3947 385 4002 felicem
403 3949 489 4016 jactu,
504 3958 532 4001 et
548 3950 630 4017 spolia
646 3948 749 4016 depor-

236 4037 340 4081 tantem
352 4026 449 4078 merito
461 4026 590 4093 copiosius
606 4025 749 4094 descripsit.

237 4108 311 4160 Duas
323 4117 411 4160 autem
422 4107 501 4174 buius
509 4106 627 4159 nominis
637 4106 749 4175 virgines

806 1674 957 1730 funduntur
972 1695 986 1730 a
1003 1675 1173 1746 scriptoribus
1187 1677 1324 1748 antiquis,

805 1765 835 1808 ut
854 1755 907 1824 iarn
922 1757 1028 1809 monuit
1044 1755 1238 1826 Apollodorus,
1257 1759 1323 1826 Ill,

806 1852 852 1902 rx,
867 1857 889 1887 a.
911 1835 1038 1889 Arcadica
1050 1836 1099 1888 suit
1113 1836 1187 1903 Jasi,
1202 1837 1322 1893 Jasionis

805 1925 849 1967 aut
859 1914 964 1968 Jasonis
976 1913 1029 1966 filia
1042 1913 1177 1967 tBoeotiea
1185 1913 1323 1968 Schoenei.

805 1991 869 2044 Fata
890 1991 969 2059 hujus
989 1989 1141 2057 Atalante,
1163 1991 1218 2044 Jasi
1236 1991 1321 2061 liliae,

803 2075 933 2139 sormam,
947 2083 1073 2138 antrum,
1086 2072 1204 2126 studium
1215 2093 1324 2127 venan-

804 2150 847 2218 di,
864 2161 912 2203 etc.
925 2150 1028 2219 copiose
1041 2149 1164 2204 describit
1177 2150 1320 2218 AEliauus,

804 2226 868 2278 Var.
884 2227 953 2279 Hist.
972 2227 1064 2296 Xlll,
1090 2247 1111 2281 r.
1133 2229 1165 2281 ln
1178 2227 1321 2282 Marmore

803 2303 919 2372 quodam
932 2303 1001 2372 apud
1013 2304 1158 2376 Sponium,
1173 2305 1201 2356 in
1214 2305 1321 2358 Miscel.

803 2401 828 2448 p.
837 2380 885 2432 312
896 2419 903 2448 ‚
918 2391 1054 2450 comparet
1064 2382 1134 2434 inter
1143 2382 1258 2451 reliquos
1268 2381 1318 2434 bu-

802 2459 844 2527 ius
866 2458 922 2528 apri
940 2469 1097 2526 venatores,
1117 2470 1144 2514 et
1161 2459 1270 2532 quidem
1285 2479 1322 2514 eo

803 2537 915 2605 babitu,
940 2559 994 2609 cyrio
1012 2558 1071 2592 eam
1088 2538 1210 2594 describit
1222 2559 1321 2608 aprum

802 2639 864 2672 cum
873 2620 1009 2691 Meleagro
1017 2631 1159 2674 venantem
1166 2619 1320 2674 Philostrat.

803 2697 875 2750 Icon.
887 2717 911 2766 p.
924 2698 973 2750 868
984 2719 990 2761 ;
1002 2696 1076 2750 unde
1089 2717 1149 2750 eam
1161 2697 1322 2765 exprimen-

802 2775 864 2829 dam
875 2777 976 2829 curavit
987 2776 1133 2846 spanhem.
1144 2777 1177 2832 ad
1189 2775 1322 2830 Callima,

802 2857 903 2924 chum,
925 2859 1018 2931 hymn.
1031 2860 1110 2914 Dian.
1127 2881 1195 2913 vers.
1211 2861 1269 2913 aab.
1283 2891 1320 2903 -

803 2939 917 2990 remoris
933 2940 1026 3001 decas,
1046 2940 1107 3008 quia
1120 2949 1146 2992 et
1158 2940 1244 2992 forma
1260 2953 1321 2995 erat

801 3013 919 3084 insignis,
928 3025 955 3068 et
964 3017 1083 3068 venatrix
1093 3009 1319 3085 prestantissima.

835 3092 891 3147 318.
913 3096 1019 3146 Rasilr'a
1037 3113 1137 3164 opera,
1153 3111 1212 3162 quae
1227 3094 1256 3146 in
1270 3094 1318 3146 la-

800 3171 886 3226 minas
898 3172 1004 3226 diducta
1018 3183 1045 3226 et
1057 3173 1167 3244 levigata
1186 3183 1266 3238 sunt,
1287 3174 1317 3227 id

801 3251 872 3320 quod
890 3251 1020 3306 faciebant
1038 3271 1152 3314 rasores,
1167 3251 1201 3304 de
1219 3253 1317 3320 quibus

799 3327 851 3380 vid.
860 3327 1012 3395 Salmasius,
1021 3329 1134 3383 Exercit.
1146 3328 1214 3384 Plin.
1223 3349 1247 3398 p.
1257 3330 1315 3398 735.

799 3405 1105 3471 -Sammam5Urbinas,
1113 3405 1314 3474 Neapolitanus,

798 3482 929 3536 secttrtdus
941 3483 1092 3550 Mediceus,
1101 3491 1225 3551 patinam,
1240 3485 1315 3554 quod

799 3560 928 3614 arrideret
941 3562 1052 3615 Heinsio
1061 3563 1111 3620 uisi
1125 3563 1314 3632 praecessisset,

798 3639 919 3691 vers.313
926 3678 933 3706 ,
940 3645 1038 3708 pruris.
1047 3640 1100 3694 Sed
1108 3640 1164 3694 baec
1170 3643 1316 3710 respuendi

798 3716 941 3771 lectionem
953 3738 1029 3773 causa
1040 3719 1112 3772 nulla
1124 3730 1212 3772 est.·-·
1222 3721 1316 3776 Nostri

799 3796 891 3867 Regii,
904 3817 1075 3852 summarie·
1082 3800 1208 3856 Summam
1219 3810 1314 3854 cestrae

799 3874 912 3930 Lenaius
924 3876 1047 3945 intelligit
1065 3876 1157 3944 altius,
1171 3897 1247 3932 more
1259 3899 1314 3933 ve-

797 3956 939 4020 nantium,
953 3955 1132 4024 subtractam,
1147 3975 1228 4026 quam
1240 3957 1314 4012 fibu-

797 4032 822 4084 la
835 4033 1097 4086 tenuerit-attala
1109 4038 1239 4088 mordebat
1252 4056 1314 4090 ves·

798 4121 870 4179 tem,
891 4113 1043 4182 eleganter,
1064 4114 1200 4168 collectam
1219 4119 1314 4170 conti-

237 4185 747 4256 antiquitasbabuit,Arcadicambanc,
797 4189 885 4242 nebat.
894 4189 1008 4242 Aculeus
1017 4190 1313 4262 enimbbulaeestquasi

237 4265 383 4321 Boeoticam
396 4264 521 4330 alteram,
534 4280 593 4332 quae
610 4264 664 4316 lere
678 4283 749 4316 con·
798 4265 875 4322 deus·
886 4265 985 4320 Fibulis
998 4269 1075 4324 vestis
1087 4269 1164 4324 velin
1176 4271 1311 4342 humeris,
