2836 4986
256 463 299 548 34
532 467 572 532 P.
607 467 782 538 ovrnn
807 467 1036 537 nusonrs

253 607 293 678 ln
307 605 442 704 juvenes
459 622 551 678 vasto
569 604 615 678 sic
634 606 755 706 impete
772 608 947 682 vnlnilirns
964 639 1036 684 sus·

251 729 384 813 Fertur,
403 744 436 800 et
453 726 660 828 Eupalamon
678 729 911 833 Pelagonaque
931 733 1048 820 dextra,
1059 750 1189 807 tuentes
1273 757 1324 810 360

253 851 387 923 Cornua
405 851 588 949 prosternit
603 879 612 924 ε
627 852 710 924 socii
727 881 863 954 rapuere
879 855 1032 953 jacentes.

250 967 298 1038 At
314 987 382 1038 non
398 965 546 1040 letiferos
564 967 682 1064 effugit
697 971 881 1044 Enaesimus
897 971 1003 1058 ictus,

250 1082 488 1182 Hippocoonte
507 1099 619 1156 satus:
639 1084 874 1184 trepidantem,
895 1103 927 1158 et
943 1103 1034 1181 terga
1051 1106 1221 1187 parantem

250 1200 406 1284 Vertere,
425 1198 554 1274 succiso
566 1197 741 1300 liquerunt
757 1200 886 1300 poplite
904 1202 1005 1274 nervi.

251 1315 405 1389 Forsitan
422 1333 455 1390 et
471 1315 586 1415 Pylius
604 1316 685 1388 eitra
699 1317 846 1414 Trojana
862 1317 1004 1416 perisset

251 1434 439 1532 Tempora:
454 1432 513 1504 sed
529 1449 639 1504 sumto
658 1432 767 1532 posita
785 1433 956 1507 conamine
974 1433 1016 1506 ab
1030 1434 1143 1521 hasta,

252 1546 394 1620 Arboris
411 1545 558 1633 insiluit,
579 1574 652 1645 quae
669 1546 780 1620 stabat
795 1547 963 1647 prox-ima,
982 1549 1103 1636 ramim

251 1662 477 1763 Despexitque
494 1660 569 1734 loco
589 1678 701 1748 ortus,
721 1690 820 1762 quern
835 1662 981 1760 fugerat,
997 1665 1138 1738 hdstem.

251 1778 420 1852 Dentibus
436 1777 491 1851 ille
508 1777 600 1852 lerox
616 1778 652 1851 in
670 1807 797 1878 querno
814 1779 928 1880 stipite
947 1781 1054 1869 tritis,

251 1893 406 1967 Imminet
421 1892 541 1978 exitio;
560 1892 781 1994 frendensque
798 1897 988 1970 recentibus
1004 1897 1126 1983 armis,

252 2010 419 2084 Actoridae
435 2010 546 2106 magni
562 2028 672 2086 rostro
689 2010 796 2089 fomur
810 2011 923 2086 hausit
938 2011 1077 2089 adunco.

1240 1361 1244 1368 ’
1274 1341 1325 1393 365

1274 1923 1325 1990 370

252 2205 329 2261 cessit
347 2205 435 2258 modo.
460 2203 538 2274 Regii
564 2204 647 2258 nostri
666 2204 765 2258 habent
814 2204 886 2260 Clau.
901 2203 957 2260 Cic.
970 2203 997 2258 h.
1008 2207 1176 2258 v.-Sumcrc
1187 2226 1322 2265 conamen,

252 2295 370 2338 certo-
388 2286 526 2353 Vulmficus
546 2301 610 2350 sns,·
626 2281 669 2334 hic
682 2281 764 2335 schi—
813 2283 866 2335 vim
879 2283 975 2336 addere
987 2283 1089 2336 salienti
1099 2283 1209 2350 corpori.
1220 2311 1253 2323 -
1265 2287 1324 2336 Po-

253 2363 356 2418 rachius
364 2363 484 2416 observat
491 2381 545 2416 esse
556 2361 711 2432 pingentem
718 2379 767 2412 nu·
812 2363 1000 2422 st‘taabhasta,
1012 2359 1084 2414 haste
1092 2359 1179 2412 telluri
1187 2361 1323 2428 impressa:

253 2460 366 2495 merum.
380 2439 526 2510 Compares
539 2460 570 2493 ex
583 2440 710 2506 Horatio,
727 2442 765 2490 ri·
815 2435 917 2491 Confer
931 2437 978 2504 ll,
1001 2437 1064 2504 786,
1082 2437 1133 2504 lV,
1148 2455 1248 2506 710.-
1265 2439 1323 2492 Fu-

254 2523 355 2572 de'culus
378 2539 441 2571 mus.
466 2517 567 2572 Similia
590 2518 715 2588 Virgilius
735 2516 765 2570 in
811 2527 895 2586 yenit,
911 2518 1048 2588 effugerat.

253 2597 387 2667 Georgicis
405 2597 492 2650 habet.
511 2625 545 2639 ·-
561 2599 722 2663 Eupalamon
739 2605 766 2648 et
846 2598 902 2670 369.
927 2600 1011 2652 Tritis.
1032 2594 1133 2649 Laudat
1152 2597 1325 2653 Burmannus

253 2681 365 2744 Pelagos
380 2695 458 2745 snpra
468 2676 497 2728 in
511 2675 628 2744 catalogo
641 2694 695 2728 non
708 2694 766 2727 no·-
814 2673 907 2730 Senec.
920 2673 949 2740 1,
964 2673 997 2726 de
1008 2673 1082 2727 Orat.
1092 2691 1103 2726 1
1113 2713 1120 2739 ,
1132 2677 1218 2728 dentes
1229 2697 1324 2743 acuun-

253 2754 364 2820 minati,
376 2773 426 2807 nec
435 2752 540 2805 aliunde
551 2753 657 2805 noti·-
666 2755 767 2806 θωνα
813 2757 958 2805 turattrr'tu.
968 2751 1043 2804 ldem
1051 2752 1150 2819 nescit,
1166 2750 1324 2823 snno'njure

219 2885 221 2892 Α
253 2841 349 2886 tuentes
371 2847 489 2895 coruum
512 2829 596 2884 aciem
619 2849 717 2899 nempe
737 2829 765 2880 in
813 2840 898 2899 poetae
914 2829 1054 2882 luxurianti
1072 2830 1149 2899 objici
1163 2831 1259 2900 possit,
1272 2831 1324 2886 hoo

255 2927 349 2978 aprum
362 2907 532 2973 direxerant,
549 2906 624 2975 cnjus
644 2903 781 2960 deutrum
814 2905 938 2974 longioris
956 2923 1037 2959 morte
1054 2907 1152 2971 suisse;
1173 2927 1260 2977 neque
1278 2929 1325 2962 va-

255 3005 340 3040 eornn
351 2984 380 3038 hi
391 2985 445 3038 duo
457 2983 644 3039 defendebant.
657 2985 707 3036 Ed.
813 3001 882 3037 casse
894 3002 973 3052 apro,
987 2993 1027 3036 tot
1037 2979 1265 3038 circumstantibus
1276 3006 1323 3039 ve-

287 3063 345 3130 364.
362 3064 465 3120 necno
471 3066 573 3131 poplite.
582 3061 647 3115 sixti
657 3071 684 3116 et
695 3060 766 3114 Gro·
814 3064 958 3131 nitoribus,
968 3064 995 3116 in
1006 3064 1099 3118 arbore
1113 3083 1205 3118 acuere
1214 3064 1323 3118 dentes:

255 3139 385 3198 novianus
404 3139 512 3206 tertius,
533 3142 670 3200 succiduo,
694 3138 766 3208 qnod
779 3171 790 3197 μ
814 3144 842 3196 in
851 3144 991 3214 quonimis
1002 3163 1107 3198 severus
1121 3155 1160 3199 est
1171 3145 1211 3197 vir
1223 3145 1324 3200 doctus.

242 3217 321 3280 ,olim
328 3215 766 3286 Heinsinsprobaverat.Regiinos·

257 3296 291 3350 tri
303 3295 369 3352 nihil
380 3306 493 3352 mutent.
507 3296 562 3350 Pro
569 3301 669 3350 succiso
676 3293 765 3360 stim,

258 3376 310 3442 IV,
318 3373 381 3442 343,
391 3393 455 3429 caso
457 3376 554 3441 poplite
559 3389 569 3438 ,·
577 3371 623 3428 sed
632 3373 767 3424 succiduus

258 3455 348 3525 poples
355 3451 601 3520 esteornm',quibns
609 3448 767 3504 animuslin-

257 3526 356 3605 quitur.
364 3533 433 3588 Vide
446 3529 764 3590 Romanunm-Nervi,

258 3614 303 3682 qni
321 3613 349 3666 in
363 3615 458 3680 poplite
472 3620 534 3670 sunt
550 3607 656 3679 plurimi
669 3628 677 3671 ;
694 3604 766 3658 unde

256 3711 373 3746 umatus
382 3694 479 3758 poples.
492 3719 526 3731 -
541 3691 692 3757 Dpnernat,
713 3683 766 3736 de·-

258 3772 387 3824 lecerunt-

290 3847 347 3900 365.
355 3849 452 3916 Pylos,
463 3846 688 3904 Neston-Citra,
697 3852 766 3898 ante.

257 3951 291 3965 -
310 3924 424 3991 Trojana
441 3933 571 3990 tempora,
593 3921 681 3990 Trojte
693 3921 767 3974 exci-

258 4000 352 4068 dium,
371 4011 401 4054 ut
419 4011 489 4052 recte
501 4001 691 4068 interpretatur
706 3998 767 4050 Re-

258 4078 323 4149 gius.
339 4081 459 4146 Tempora
470 4076 543 4130 enim
556 4075 669 4145 passim,
687 4075 767 4129 etiam

257 4157 768 4229 apudCiceronem,decalamitosostatn

256 4237 382 4312 nominis,
397 4236 558 4290 anteivitatis
570 4235 645 4290 :vide
660 4236 766 4296 Ernesti

815 3221 920 3291 Quidni
931 3223 1060 3276 vomuerit
1071 3241 1135 3292 apro
1146 3223 1239 3277 dentes
1249 3243 1323 3280 acue-

814 3319 843 3353 re
855 3339 861 3366 ,
875 3317 959 3368 quum
966 3298 1103 3364 venatores
1112 3300 1214 3370 longius
1225 3305 1324 3357 remoti

814 3387 919 3444 essent,
941 3387 968 3430 et
984 3378 1158 3447 plurimorum
1176 3378 1228 3450 tela
1240 3379 1323 3433 aber-

814 3454 927 3508 rarent?
940 3483 973 3494 -
981 3459 1107 3510 diendem
1117 3477 1148 3510 ex
1156 3475 1210 3508 uno
1219 3457 1325 3512 Heinsii

815 3530 891 3586 dedit
905 3531 1077 3595 Burmannus
1092 3534 1197 3587 :caeteri
1208 3572 1215 3598 ,
1226 3529 1326 3603 fidens.

816 3607 856 3661 lte
868 3610 951 3662 nostri
964 3611 1048 3682 Regii,
1056 3615 1219 3664 -Recentr'a
1230 3631 1304 3663 arma
1318 3655 1324 3676 ,

814 3690 926 3758 dentes,
939 3711 1004 3760 quos
1015 3702 1167 3745 acuerat-
1175 3693 1321 3752 Actort'doe,

814 3769 856 3822 vel
868 3769 977 3842 Euryti,
992 3769 1032 3821 vel
1043 3767 1129 3820 Cteati
1143 3807 1150 3835 ,
1168 3785 1258 3820 versus
1267 3768 1325 3821 308.

816 3846 914 3917 Recepi
925 3848 994 3900 hane
1003 3847 1144 3899 lectionem
1153 3886 1161 3913 ,
1171 3865 1250 3914 quam
1261 3865 1326 3915 qua-

815 3932 877 3976 tnor
894 3923 975 3976 MSS.
993 3921 1177 3991 suppeditant,
1197 3923 1258 3991 quia
1275 3941 1328 3974 re-

814 4000 892 4069 liquae
913 4002 1024 4068 Onttyae
1041 4009 1086 4054 aut
1111 4001 1235 4058 orithia,
1258 3998 1325 4050 Ori-

814 4081 891 4140 chie,
909 4079 1055 4138 Orchr'adoe,
1075 4078 1205 4129 Ottriadoe
1216 4069 1266 4128 ete.
1278 4095 1326 4128 ex-

814 4157 907 4226 plicari¹
915 4163 1059 4223 nequeunt.
1072 4150 1149 4224 Regii
1160 4153 1253 4220 nostri,
1264 4155 1326 4206 Ori-

814 4232 1169 4288 tht'ae.···Femurhaust't.Vide
1178 4231 1211 4285 ad
1220 4233 1254 4298 V,
1268 4232 1323 4286 tali.
1345 4295 1348 4300 Ι
