2836 4986
254 439 296 506 32
514 437 570 506 .Ρ.
601 436 785 508 OVIDII
815 436 1049 510 NASONIS

252 580 355 676 Signa
370 573 514 678 pedum3
535 576 742 680 cupiuntque
759 605 857 652 suum
874 580 1017 680 reperire
1035 580 1207 682 periclum.

253 695 407 768 Concava
421 690 517 766 vallis
536 709 623 781 erat,
644 723 761 794 quase
779 693 951 770 demittere
968 696 1032 770 riri

149 800 152 808 ’
253 809 447 884 Adsuerant
462 807 620 910 pluvialis
638 839 730 912 aquae
746 839 754 883 :
773 828 864 886 tenet
878 811 945 886 ima
961 811 1086 886 lacunas
1284 839 1335 892 3³5

254 928 361 1000 Lenta
378 923 480 1010 salix,
499 923 649 1026 ulvaeque
666 923 771 1013 leves,
788 927 946 1028 juncique
962 927 1146 1028 palustres,

254 1041 471 1142 Viminaque,
492 1059 528 1114 et
542 1040 644 1138 longa
663 1069 771 1142 parvae
788 1043 852 1117 sub
869 1043 1031 1118 arundine
1049 1073 1169 1119 caunae.

256 1159 345 1232 Hinc
363 1187 443 1260 aper
461 1159 587 1232 excitus
604 1157 731 1231 medios
747 1157 915 1232 violentus
931 1159 967 1232 in
982 1157 1098 1235 hostes

254 1284 393 1370 Fertur,
411 1298 451 1376 ut
467 1281 614 1356 excussis
630 1279 703 1354 elisi
720 1281 872 1354 nubibus
890 1281 1009 1376 ignes:

257 1403 426 1478 Sternitur
441 1403 577 1476 incursu
594 1430 730 1488 nemus,
749 1420 783 1476 et
799 1402 960 1505 propulsa
974 1401 1140 1502 fragorem
1285 1427 1339 1498 sto

257 1527 347 1603 Silva
362 1528 419 1602 dat
434 1557 443 1602 :
461 1526 645 1604 exclamant
658 1528 812 1626 juvenes,
831 1546 1057 1630 praetentaque
1074 1529 1155 1604 sorti

256 1651 338 1726 Tela
356 1667 471 1725 tenent
486 1651 623 1739 dextra,
642 1650 711 1726 lato
726 1651 893 1725 vibrantia
908 1650 1007 1726 serro.

256 1773 319 1848 Ille
334 1775 420 1862 ruit;
436 1775 630 1874 spargitque
649 1801 762 1863 canes,
780 1791 819 1848 ut
837 1775 979 1876 quisque
996 1775 1107 1848 ruenti

260 1897 404 1986 Obstat,
423 1914 458 1970 et
474 1895 617 1997 obliquo
635 1895 793 1972 latrantes
809 1897 951 1998 dissipat
968 1897 1046 1970 ictu.

259 2097 356 2168 prium.
367 2094 469 2149 Confer
477 2093 546 2163 Vll,
561 2095 770 2168 769.—Pressa‚
820 2095 990 2168 physicorum
997 2096 1134 2166 expressit,
1144 2094 1177 2148 de
1185 2096 1274 2166 quaad
1284 2099 1338 2166 xl,

261 2179 404 2245 impressa;
417 2173 475 2240 ΧΙ,
489 2173 536 2240 31,
547 2191 636 2240 presso
645 2191 750 2224 uomere.
822 2176 878 2243 435.
887 2205 921 2217 -
931 2179 1070 2238 Excussa,
1091 2195 1222 2230 concussae
1235 2216 1243 2244 ,
1261 2195 1337 2230 con-

292 2253 349 2320 334.
363 2253 481 2304 Concava
489 2253 568 2302 vallis
579 2259 628 2304 etc.
645 2249 714 2302 Tam
726 2247 773 2300 di·
821 2265 1026 2308 currentescum
1034 2255 1125 2308 ventis.
1135 2254 1189 2326 Vl,
1202 2255 1266 2327 696:
1279 2257 1340 2308 Ex-

261 2333 374 2404 ligenter
392 2329 495 2401 singula
514 2328 652 2396 describit,
671 2339 702 2382 ut
719 2329 773 2398 ipse
822 2335 913 2384 siliunt
924 2337 995 2385 caer's
1005 2336 1068 2386 elisi
1081 2325 1187 2388 urbibus
1204 2337 1285 2400 cirues.
1304 2363 1341 2376 --

262 2411 388 2464 interesse
401 2407 463 2462 huic
474 2406 609 2460 venationi
621 2405 668 2460 tibi
678 2403 774 2458 videa·
823 2411 992 2478 Elisiiffnes,
1014 2409 1108 2479 fulgor.
1121 2409 1224 2475 Miror,
1240 2409 1341 2479 plura-

263 2491 305 2543 ris.
316 2491 452 2552 Concava,
469 2487 588 2557 undique
597 2487 682 2541 cincta
694 2505 775 2539 mon·
822 2487 876 2542 lem
888 2487 1046 2558 displicuisse
1060 2486 1213 2540 Sohirachio
1226 2487 1271 2556 qui
1285 2507 1341 2558 pu-

267 2571 343 2623 tibus.
362 2572 474 2630 -Ima,
494 2585 594 2636 margo.
608 2594 643 2606 -
661 2567 777 2634 Ulvaeque
823 2578 877 2633 tat,
890 2583 985 2636 aprum
995 2584 1051 2617 non
1063 2565 1132 2619 bene
1144 2583 1205 2618 curn
1218 2564 1341 2634 pluribus

264 2647 621 2714 Ieres‚1itnciquepalustrcs,·
632 2643 775 2708 Heinsius,
823 2645 927 2714 ignibus
941 2642 1108 2714 comparari,
1121 2653 1149 2696 et
1164 2643 1339 2712 praelerebat,

265 2728 297 2781 ad
310 2727 387 2792 XIV,
400 2726 463 2790 103,
477 2725 539 2794 legit
548 2763 555 2789 ,
562 2723 685 2791 ance'qne
696 2727 774 2785 leves,
825 2723 896 2794 quod
904 2724 969 2779 olim
977 2721 1114 2789 edebatur,
1126 2725 1204 2776 clitus
1214 2727 1291 2790 ι’ῃιιζε.
1301 2723 1342 2778 At

264 2810 374 2874 ulraque
380 2807 515 2872 palustres,
527 2800 604 2870 Regii
616 2801 699 2852 nostri
711 2799 777 2852 nihil
824 2804 896 2876 nulla
911 2805 966 2859 sere
981 2803 1009 2856 in
1020 2813 1161 2872 poetarum
1176 2801 1342 2856 carminibus

265 2893 379 2936 mutant.
396 2909 430 2921 -
450 2882 545 2934 Caura
560 2877 694 2931 breviores
715 2886 778 2930 suot
825 2881 984 2950 paginaest,
1000 2881 1028 2934 in
1041 2899 1158 2952 quanon
1170 2879 1276 2948 pluralis
1288 2899 1342 2951 po-

265 2964 394 3016 arundr'nc.
410 2956 574 3023 Columella,
594 2955 706 3022 1V,32,
717 2973 777 3023 gra·
824 2961 889 3014 situs
900 2960 933 3013 sit
944 2956 992 3029 pro
1005 2958 1137 3030 singulari.
1151 2985 1185 2997 -
1195 2961 1337 3020 Incursus,

267 3045 325 3095 cr'lr‘s
335 3048 361 3092 et
371 3056 462 3092 canna
474 3039 567 3099 similis
578 3035 682 3087 arundo.
826 3039 941 3110 impetus
957 3040 1014 3092 seri.
1034 3038 1126 3110 Virgil.
1144 3037 1251 3092 AEneid.
1265 3038 1341 3108 Vll,

301 3118 358 3172 338.
375 3119 446 3170 Hinc
461 3134 523 3183 aper
535 3117 634 3166 excitus
648 3122 697 3172 etc„
716 3113 778 3164 Vc·
827 3119 876 3188 676
890 3121 956 3172 :dat
971 3121 1087 3171 euntibus
1102 3123 1191 3186 ingens
1206 3119 1277 3171 Silva
1293 3123 1343 3172 lo·-

267 3197 340 3252 nallo
352 3195 423 3265 ipsa,
437 3195 465 3246 ln
480 3213 532 3263 qua
544 3192 657 3245 maxima
669 3191 779 3244 varietas
826 3217 883 3251 cum
890 3239 899 3261 ,
917 3207 944 3250 e!
953 3216 1045 3265 magno
1058 3199 1151 3250 cedunt
1160 3197 1343 3264 virfflllaesta-

267 3280 296 3332 in
305 3273 483 3331 describendis
493 3271 604 3342 jactibus
614 3270 722 3341 singulis
732 3289 780 3322 ve·
824 3297 892 3345 W·
905 3275 1008 3330 Confer
1018 3278 1087 3330 inst-2
1093 3317 1101 3344 ,
1112 3277 1167 3344 XI,
1177 3277 1344 3330 3654„-

267 3356 391 3412 nantium
404 3363 483 3422 atque
496 3350 611 3403 motibus
627 3349 683 3418 apri
694 3350 779 3401 obser·
827 3354 1032 3410 tendr'dicuntur
1048 3355 1194 3421 venabula,
1212 3373 1296 3424 quum
1310 3357 1343 3409 iis

268 3444 341 3498 vata;
354 3431 383 3485 in
396 3449 448 3500 qua
459 3428 623 3500 phantasiam
636 3435 720 3496 poetae
732 3424 781 3479 ad·
828 3432 954 3501 excipitur
968 3432 1072 3488 irruens
1087 3434 1150 3487 sera.
1165 3433 1291 3486 Preteuta
1302 3443 1345 3485 te·

269 3513 361 3568 mirari
375 3511 453 3577 licet,
477 3525 631 3578 quanquam
651 3524 705 3558 non
725 3505 779 3574 ipse
827 3511 1345 3580 mut,pretendunt-Vr'brants'aserro

270 3611 364 3648 omnes
375 3590 432 3644 illos
444 3590 527 3659 jactus
543 3585 646 3638 linxisse
658 3585 780 3648 videtum
829 3588 989 3657 exquisitius,
998 3609 1088 3659 quam,
1097 3589 1344 3658 habentiaserrnrn,

268 3663 781 3734 nonnullosenimetApollodoruscom·
828 3668 890 3735 qnia
902 3668 1047 3736 venabula,
1061 3667 1127 3721 dum
1136 3678 1295 3736 moventur,
1306 3675 1346 3722 vi-

269 3757 410 3802 memorat.
416 3744 573 3800 Notandum
584 3743 664 3796 ellam
672 3752 711 3794 esi
718 3781 725 3808 ,
733 3761 782 3794 ve·
829 3750 901 3799 brare
916 3746 1049 3801 dicuntur.

271 3821 782 3886 nantesvelutiinacieconstitisse,vers.
861 3825 918 3892 343.
936 3828 1047 3886 Auenti,
1069 3843 1118 3896 pro
1129 3825 1234 3893 furenti
1248 3827 1260 3892 (
1270 3825 1347 3894 quod

271 3904 338 3970 360,
353 3909 432 3970 atque
443 3898 559 3968 singulos
566 3897 660 3950 ordine
670 3895 722 3948 tela
733 3895 780 3947 mi·
829 3901 928 3956 habent
935 3903 1019 3956 nostri
1028 3901 1128 3974 Regii),
1137 3922 1169 3956 ex
1177 3903 1348 3958 Bononiensi

270 3984 349 4050 sisse,
367 3981 412 4050 qui
424 3978 491 4037 ordo
501 3977 722 4046 interrumpitur,
737 3976 782 4029 ubi
830 3980 903 4036 dedit
916 3982 1056 4049 Heinsius,
1070 3992 1100 4035 ut
1111 3982 1144 4035 sit
1154 3981 1287 4035 concinna
1298 4001 1346 4034 re-

271 4059 370 4115 lnvldla
391 4057 522 4112 Alalanlae
540 4055 656 4124 reliquos
676 4055 780 4124 langii,
830 4060 930 4130 petitio,
945 4059 1039 4113 Eidem
1052 4079 1113 4112 mox
1125 4079 1156 4112 ex
1169 4059 1347 4113 Gronoviano

270 4159 348 4194 versu
356 4141 414 4212 389.
426 4167 459 4178 -
467 4140 565 4198 maur,
582 4146 613 4190 ut
622 4136 715 4207 fulgor.
727 4133 782 4189 Sed
830 4138 1094 4207 placetoccupate'ctu,
1104 4157 1153 4208 pro
1164 4141 1346 4204 dissepatictu.

270 4218 321 4274 hoc
334 4217 410 4272 docte
430 4227 457 4269 et
473 4234 505 4270 ex
520 4214 646 4285 opinione
660 4225 782 4270 veterum
831 4216 908 4286 Regii
915 4215 1008 4283 nostri,
1015 4217 1347 4284 dr'ssr'pat.-Obliquos'ctu,·
