2836 4986
230 498 271 540 aa
507 475 546 539 P.
576 473 754 548 OVIDII
781 473 1014 544 NASONIS

228 613 353 685 Dextra
369 611 568 713 Lebyuthos
587 631 701 702 erant,
718 613 925 716 fecundaque
943 613 1039 692 melle
1056 613 1238 718 Calymne:
1344 627 1350 636 '

229 730 346 825 Quum
362 759 447 830 puer
463 731 579 805 audaci
595 732 697 832 coepit
714 731 857 826 gaudere
874 731 1007 822 volatu,

170 845 173 849 ’
228 847 451 947 Deseruitque
468 848 604 938 ducem,
624 847 761 950 celique
778 848 935 950 cupidine
948 867 1074 924 tractus

213 963 342 1038 'Altius
357 965 426 1060 egit
442 965 507 1040 iter
523 996 530 1038 :
546 965 655 1068 rapidi
671 964 792 1039 vicinia
809 963 898 1039 Solis

230 1079 348 1153 Mollit
365 1079 540 1168 odoratas,
556 1109 740 1182 pennarum
756 1081 906 1171 vincula,
926 1111 1026 1156 ceras.

231 1198 424 1272 Tabuerant
437 1227 541 1273 certe:
558 1200 670 1274 nudos
686 1200 793 1300 quatit
810 1197 866 1272 ille
882 1197 1043 1288 lacertos3

232 1315 454 1416 Remigioque
471 1345 585 1392 carens
601 1345 671 1390 non
688 1315 773 1392 ullas
788 1315 933 1418 percipit
949 1343 1064 1404 auras;

160 1429 162 1434 ’
233 1431 372 1532 Oraque
390 1431 544 1520 caerulea,
561 1433 706 1536 patrium
723 1429 899 1508 clamantia
913 1461 1055 1521 nomen,

230 1548 457 1648 Excipiuntur
474 1577 579 1650 aqna,
599 1577 672 1649 qnae
688 1575 813 1623 nomen
830 1549 932 1624 traxit
946 1551 988 1625 ab
1007 1550 1085 1624 illoc

1262 1571 1313 1623 230

233 1663 281 1736 At
295 1682 389 1763 pater
407 1663 542 1752 infelix,
556 1693 618 1738 uec
631 1665 698 1764 jam
716 1684 828 1766 pater,
846 1699 864 1730 «
883 1668 994 1754 Icaro,
1016 1665 1118 1758 dixit,

236 1811 254 1845 >³
276 1782 385 1868 lcarc,
403 1779 506 1870 dixit,
524 1782 586 1856 ubi
603 1785 664 1856 es?
681 1800 796 1884 quate
813 1783 949 1878 regione
965 1782 1159 1883 requiram?

236 1929 255 1962 »
278 1898 389 1970 lcare!
412 1931 429 1963 »
447 1898 598 1975 dicebat:
615 1927 742 2002 pennas
758 1901 933 2001 conspexit
949 1898 986 1972 in
1003 1898 1123 1986 undis,

235 2019 445 2122 Devovitqne
464 2050 541 2096 suas
557 2041 665 2112 artes,
686 2049 876 2125 corpusque
894 2021 1049 2124 sepulcro

238 2145 419 2236 Condidit,
439 2164 473 2220 et
490 2146 589 2222 tellus
606 2177 626 2222 a
642 2147 776 2222 nominc
791 2147 879 2222 dicta
896 2144 1030 2248 sepulti.

286 2269 386 2342 Hunc
402 2269 514 2344 miseri
531 2269 661 2344 tumulo
679 2289 861 2372 ponentem
878 2297 1020 2370 corpora
1034 2267 1104 2342 nati

242 2393 382 2469 Garrnla
399 2425 529 2471 ramosa
547 2398 721 2500 prospexit
736 2397 778 2472 ab
797 2397 871 2472 ilice
888 2396 1024 2498 perdix;
1064 2455 1067 2466 .

240 2616 755 2690 Heroid111,60.--Calymniummel
798 2617 1059 2688 Apollodorus,lll,
1072 2613 1311 2690 xv,q;Hyginns,

239 2695 388 2748 laudatura
400 2696 640 2768 StraboneX,p
653 2701 751 2770 749.-

243 2776 317 2835 Caii,
331 2773 437 2826 volandi
449 2794 498 2843 per
509 2737 601 2828 lulum
606 2785 631 2828 et
642 2778 750 2845 prosun-

241 2851 411 2906 dumceelum.
413 2853 564 2907 -Tracias
566 2853 648 2926 Regii
657 2855 750 2920 nostri,

239 2939 331 2983 tactus.
347 2929 436 2983 Vide
428 2949 484 3000 lam
498 2931 599 2984 variam
610 2931 752 2986 lectionem

241 3008 269 3061 in
283 3028 360 3062 versu
378 3009 432 3075 184.
448 3011 498 3062 Ed.

275 3087 331 3140 226.
345 3089 561 3140 Oderatasornat
572 3097 690 3156 tantum,
702 3107 752 3142 ne-

241 3185 292 3235 que
313 3165 379 3218 adeo
402 3166 590 3218 Burmannum
614 3163 751 3220 offendere

154 3259 155 3262 ’
242 3243 360 3296 debebat.
371 3271 404 3284 -
418 3244 450 3298 ln
463 3247 543 3296 andos
555 3249 636 3313 quatit
645 3249 752 3298 lacertos

242 3325 413 3378 Nasonismns
423 3334 477 3388 est;
494 3325 597 3393 jocatur
606 3325 679 3377 enim
690 3345 754 3377 rur-

242 3403 320 3456 suein
333 3423 362 3456 rc
372 3402 487 3456 seria-
495 3402 753 3471 Auraectpereipidi·

242 3492 339 3535 cuntur
348 3492 374 3534 et
386 3485 492 3548 concipi.
500 3479 570 3534 Vide
580 3479 611 3533 nd
619 3478 688 3548 ΧΠ,
698 3481 753 3553 569.

273 3560 332 3612 Ια33.
348 3563 490 3629 Conspexit.
502 3559 578 3630 Regii
589 3560 689 3626 nostri,
704 3562 754 3611 ud·

243 3643 403 3710 speeie-Et
412 3645 504 3707 tellus,·
515 3639 596 3694 iidem
604 3681 612 3708 ,
620 3649 662 3694 est
671 3645 754 3694 tellus.

277 3717 334 3775 236.
350 3721 425 3772 Hunc
440 3725 529 3773 miseri
544 3730 592 3774 etc.
607 3719 678 3788 Quae
691 3718 753 3772 inde

244 3816 259 3850 a
271 3817 349 3851 versu
363 3797 408 3850 183
417 3799 584 3867 precedunt,
594 3799 695 3852 nullam
707 3797 755 3850 ha-

245 3875 754 3945 bentmetanrorphosin‚sedquiaaliam

246 3953 280 4004 ob
291 3971 396 4007 cansam
413 3953 593 4006 memorabilia
609 3953 754 4023 reperiun-

245 4042 305 4096 tur,
318 4042 443 4100 tauquam
464 4049 545 4083 nexus
565 4049 641 4084 causa
656 4031 755 4084 intexta

219 4167 224 4175 .
246 4120 315 4164 sunt.
327 4109 566 4180 Metamorphosin,
576 4129 633 4178 quae
641 4109 707 4163 Icari
714 4129 756 4163 ca·

246 4207 306 4252 sum
315 4189 462 4254 antecessit,
472 4207 544 4242 nnnc
550 4187 690 4241 commode
698 4188 756 4241 sub·

798 2699 848 2750 sab.
866 2699 916 2769 39,
935 2699 1000 2768 274;
1022 2695 1147 2764 Servius,
1168 2695 1199 2748 ad
1216 2696 1316 2766 Virgi-

798 2774 879 2842 lium,
894 2771 991 2845 Georg.
1011 2775 1041 2843 l,
1059 2775 1121 2842 1433
1140 2773 1248 2828 AEneid.
1269 2775 1315 2842 V,

802 2855 839 2920 14.
857 2881 890 2893 -
901 2857 1053 2914 Potentem,
1069 2854 1171 2906 cineres
1187 2851 1316 2905 conden-

800 2941 873 2998 tem,
888 2931 983 3000 quibus
998 2942 1088 3002 postea
1100 2935 1210 2984 tumulus
1220 2931 1318 3000 impo-

799 3011 870 3065 situs.
880 3011 1064 3080 Reprehendit
1070 3011 1242 3064 Burmannus
1253 3029 1317 3080 poe·

800 3099 868 3156 tarn,
881 3087 951 3158 quod
966 3087 1100 3158 perdicem
1109 3107 1141 3140 ex
1149 3087 1242 3140 arbore
1251 3105 1318 3158 pro-

800 3161 955 3237 spicientem
975 3166 1078 3236 fingat,
1096 3183 1178 3234 quum
1194 3165 1251 3220 haec
1262 3166 1317 3219 aris

800 3237 905 3315 semper
916 3245 991 3298 humi
1003 3255 1123 3298 versetur
1135 3283 1143 3310 ,
1162 3253 1189 3296 et
1201 3243 1229 3295 in
1243 3253 1317 3297 terra

800 3324 876 3375 sociat
883 3323 984 3374 cubilia.
995 3321 1089 3390 Neque
1099 3320 1150 3374 hoc
1158 3321 1234 3373 latuit
1245 3321 1319 3373 Ovi-

802 3402 876 3456 dium
887 3403 932 3471 qui
942 3443 949 3470 ,
958 3421 1035 3454 versu
1043 3401 1107 3468 256,
1119 3401 1189 3454 hanc
1200 3399 1253 3453 avis
1265 3400 1319 3453 in-

805 3479 894 3533 dolem
908 3500 922 3532 e
940 3477 1063 3553 Perdieis·
1074 3499 1134 3533 casn
1146 3478 1264 3548 explieat.
1282 3485 1319 3522 ·-'

801 3561 928 3623 Plausus,
948 3559 1053 3630 signum
1064 3559 1160 3619 laetitire
1174 3569 1201 3612 et
1213 3579 1319 3630 appro-

801 3637 934 3705 bationis,
953 3649 979 3691 et
996 3637 1065 3691 bene
1082 3637 1133 3690 hoc
1146 3637 1203 3691 loeo
1216 3637 1319 3707 perdici

802 3715 943 3781 tribuitur;
960 3735 1024 3770 uam
1036 3715 1116 3769 etiam
1129 3715 1321 3783 avesplauiem

803 3794 941 3861 dicuntur,
956 3812 1040 3866 quum
1050 3794 1190 3863 strepitum
1202 3793 1320 3848 volando

803 3873 1006 3940 ticionum,
1022 3875 1078 3942 507.
1092 3871 1209 3926 Perditis
1226 3883 1321 3926 cantus

806 3951 896 4005 similis
915 3953 969 4005 sere
982 3969 1048 4004 sono
1060 3969 1140 4004 serrae
1156 3951 1260 4026 lignum
1270 3971 1321 4005 se-

804 4031 894 4084 cantis.
908 4031 980 4083 Hinc
990 4029 1100 4102 mythici
1111 4029 1252 4099 scriptores
1261 4049 1322 4083 ser-

804 4129 841 4164 rre
851 4110 1021 4163 inventorem
1032 4128 1088 4162 nou
1100 4119 1202 4161 temere
1212 4109 1240 4160 in
1249 4109 1322 4164 banc

805 4207 881 4241 avem
894 4197 1007 4240 mutasse
1020 4185 1146 4238 videntur
1163 4185 1231 4238 doct.
1243 4185 1322 4254 Bus-

246 4268 308 4337 jieit.
317 4266 498 4322 Conseruntur
504 4265 648 4334 Diodorus,
657 4265 706 4334 lV,
714 4266 754 4336 765
798 4266 861 4334 scere,
875 4263 903 4319 iu
912 4265 981 4320 Hist.
991 4264 1099 4334 Avium,
1108 4274 1171 4318 torn.
1182 4265 1270 4332 v1,n.
1279 4268 1321 4318 25.
