2836 4986
242 455 767 574 mnramonnuos'nou
791 496 896 564 ern.
924 496 1040 563 vlu.
1126 499 1168 564 aa

107 634 148 704 llt
163 632 304 728 gemini,
323 630 473 706 nondum
491 630 630 705 calestia
648 632 773 722 sidera,
793 633 928 723 fratres,
973 655 976 666 '

19 753 20 762 ’
107 748 213 820 Ambo
231 748 420 848 conspicui,
438 747 514 822 nive
532 747 780 824 candidioribus
796 751 895 824 ambo

106 866 328 938 vectabantur
344 865 456 965 equis,
477 865 576 940 ambo
594 865 720 938 vibrata
737 893 797 965 per
812 893 907 940 auras

108 979 282 1056 Hastamm
300 980 440 1055 tremulo
456 981 650 1080 quatiebant
667 980 793 1082 spicula
809 1000 914 1056 motu.
1122 1010 1172 1078 377.

108 1095 249 1170 Vulnera
267 1095 442 1184 iecissent3
463 1096 528 1170 nisi
545 1097 668 1190 setiger
684 1097 771 1170 inter
789 1125 927 1196 opacas,

19 1205 20 1232 ³
107 1211 170 1284 Nec
184 1210 304 1310 jaculis
321 1211 402 1284 isset
417 1237 479 1285 nec
495 1241 582 1311 equo
601 1211 673 1284 loca
690 1212 819 1312 pervia,
838 1211 945 1287 silvas.

107 1325 319 1425 Persequitur
333 1325 514 1416 Telamon,
533 1327 712 1428 studioque
730 1327 883 1402 incautus
900 1329 1019 1416 eundi,
1126 1357 1134 1378 ‘-

106 1441 233 1516 Pronus
249 1443 291 1514 ab
306 1442 444 1516 arborea
461 1443 579 1516 cecidit
595 1443 703 1518 radice
720 1459 878 1519 retentus.

106 1562 191 1636 Dum
206 1560 295 1637 levat
310 1559 400 1634 hunc
417 1559 554 1648 Peleus,
576 1558 712 1634 celerem
728 1561 865 1654 Tegeaea
880 1560 1034 1654 sagittam
1124 1586 1174 1642 aa»

107 1677 269 1778 Imposuit
283 1702 403 1762 nervo,
421 1676 621 1775 sinuatoque
636 1673 765 1774 expulit
780 1701 868 1748 areu.

107 1793 181 1865 lira
198 1792 262 1866 sub
279 1820 357 1866 aure
374 1791 435 1866 seri
452 1819 619 1866 summurn
636 1791 813 1886 destringit
828 1791 956 1866 arundo

109 1907 254 2007 Corpus,
276 1925 308 1980 et
326 1908 446 2002 exiguo
466 1905 630 1982 rubefecit
645 1907 805 2000 sanguine
824 1925 919 1982 setas.

108 2024 172 2097 Nec
188 2042 300 2096 tamen
317 2020 373 2094 illa
391 2022 441 2094 sui
460 2049 615 2095 successu
633 2021 740 2096 laetior
755 2023 860 2111 ictus,
1004 2015 1006 2020 ¹

109 2139 215 2234 Quam
232 2135 421 2232 Meleagros
437 2153 530 2214 erat:
546 2137 675 2238 primus
691 2137 813 2212 vidisse
829 2153 983 2242 putatur,
1126 2159 1174 2214 ³85

109 2257 150 2328 Et
164 2255 294 2356 primus
311 2253 409 2328 sociis
426 2252 533 2332 risum
551 2253 735 2328 ostendisse
752 2281 922 2338 cruorem,

108 2381 166 2466 Et,
181 2378 358 2468 meritum,
378 2375 518 2462 dixisse,
534 2375 622 2450 feres
638 2376 771 2450 virtutis
787 2376 960 2474 honorem.

107 2502 276 2574 Erubuere
290 2499 368 2585 viri,
388 2527 489 2598 seque
505 2497 740 2587 exhortantur,
759 2516 793 2576 et
807 2497 935 2572 addunt
973 2483 976 2488 ⁵

108 2623 186 2696 Cum
202 2621 346 2696 clamore
362 2621 506 2708 animos,
522 2621 716 2722 jaciuntque
733 2621 804 2695 sine
820 2619 935 2694 ordine
953 2619 1039 2694 tela:

107 2723 214 2819 Turba
231 2761 333 2818 nocet
347 2741 459 2842 jactis,
478 2761 530 2831 et,
550 2773 634 2844 quos
651 2744 753 2845 petit,
773 2744 913 2845 impedit
929 2745 1025 2818 ictus.
1125 2764 1174 2833 390

107 2869 185 2944 Ecce
203 2867 322 2942 furens
338 2884 454 2942 eontra
469 2895 528 2940 sua
545 2865 612 2944 lata
626 2865 816 2968 bipennifer
831 2867 954 2956 Arcas,

133 3082 186 3148 ³7²·
205 3083 360 3147 Argentini.
374 3078 472 3132 Castor
480 3089 509 3133 et
520 3080 613 3133 Pollux
661 3081 807 3136 Twisdenii
815 3121 823 3148 ,
832 3087 988 3150 quatientes,
1004 3079 1076 3149 quod
1089 3077 1172 3148 placet

106 3178 154 3226 pre
170 3159 274 3212 ceteris
291 3158 495 3223 memorabiles,
515 3158 612 3228 quippe
654 3159 782 3214 'Heinsio
798 3161 888 3214 Nostri
906 3159 1000 3227 Regii,
1018 3161 1170 3226 querebant.

108 3238 146 3304 qui
154 3237 322 3307 posteainter
329 3235 413 3288 sidera
423 3235 475 3288 sint
482 3234 564 3288 relati.
580 3235 612 3288 ln
693 3239 752 3292 380.
770 3241 859 3292 Peleus
878 3236 1026 3292 secundum
1048 3233 1170 3304 Apollod.

108 3314 133 3366 iis
150 3312 330 3367 describendis
347 3311 465 3382 pondere
483 3331 614 3365 nurnero·-
661 3317 759 3374 invitus
774 3317 922 3388 Eurytiona
940 3313 1086 3375 inertum
1102 3315 1171 3366 Ata—

109 3412 154 3461 que
164 3394 311 3446 verborum
326 3393 427 3445 utitur:
444 3392 506 3446 binc
517 3397 613 3446 hasta-
661 3399 805 3449 laetavero
815 3395 901 3464 prima
917 3407 1010 3476 aprum
1024 3397 1056 3450 tte
1068 3393 1098 3443 eti
1109 3401 1170 3445 νῶτα

107 3479 275 3542 aruspicans,
287 3474 422 3543 probastis
432 3495 438 3538 ;
447 3478 615 3542 vibrataque·
663 3477 780 3541 s'ro'groer·
794 3478 893 3549 θιύτιμος
909 3477 933 3524 οἰ·
947 3471 1123 3542 matema
1134 3475 1171 3524 τὸν
1262 3523 1264 3526 .

108 3556 199 3606 tr'ebant
213 3557 415 3616 ramulorum,
439 3573 487 3622 pro
503 3553 613 3605 tanati*
664 3552 782 3622 a’glelpba.

106 3629 224 3696 brabant3
247 3631 360 3684 verbum
373 3632 510 3684 sonantius
524 3631 612 3684 venat
654 3639 658 3648 ’
695 3629 862 3682 385.Pn'mus
871 3627 1083 3689 or'dissepntatar.
1098 3620 1172 3674 Con-

107 3714 190 3764 bantur
195 3731 205 3780 ‚·
214 3722 242 3764 et
251 3709 376 3780 repetitio
384 3713 508 3770 rotando,
521 3710 550 3762 in
563 3725 615 3777 qna
656 3706 799 3760 ¹venientes·
808 3701 910 3768 amori,
925 3715 978 3768 quo
987 3697 1094 3752 ardebat
1108 3699 1171 3750 Me·-

107 3799 188 3842 tamen
217 3787 341 3842 eximiam
366 3795 532 3839 venustatem
552 3791 613 3839 cuth
661 3785 756 3853 leager.
769 3809 803 3822 ·-
818 3783 958 3840 Honorem,
979 3777 1170 3846 premiumrt

106 3867 256 3922 Rurrnanno
269 3858 390 3936 reperire
398 3868 613 3933 nequeo-Cart·
661 3864 774 3938 dpteertea
781 3859 937 3929 promiserat
946 3855 1065 3922 OEneus,
1079 3873 1170 3909 secun·

105 3949 156 3998 didi
162 3953 221 4016 eqni
229 3944 393 4018 Tyndaridis
405 3943 463 3996 dari
475 3935 612 4010 solebant,
662 3941 727 3994 durn
741 3937 941 4009 Apollodorum.

106 4023 309 4078 undeaPindar.
323 4023 354 4076 P.
368 4023 398 4089 l,
412 4041 467 4091 127,
480 4027 614 4073 lectoratu
695 4020 752 4072 388.
770 4020 895 4074 Erubuere
914 4021 979 4082 νίπζ·
995 4013 1089 4084 puduit
1104 4014 1173 4067 viros

106 4114 232 4156 vocantur.
238 4103 348 4156 Horum
355 4118 461 4168 quoque
468 4099 553 4166 jactus
558 4097 612 4149 ina·
661 4099 742 4151 sortes
751 4113 868 4165 apruma
878 4094 979 4165 virgine
987 4095 1104 4162 primum
1114 4093 1173 4146 suis·

106 4179 347 4235 nisexcusationem
355 4175 613 4230 merchatum-Pro
661 4174 919 4243 sepercussum.Ed.
1047 4205 1050 4210 -

108 4263 256 4324 quatr'ebant,
271 4276 342 4313 unus
356 4254 493 4309 Mediceus
505 4262 531 4307 et
541 4252 613 4321 prior
660 4277 663 4286 ·
695 4252 751 4323 3¹3¹·
769 4248 920 4318 Bepenmser
938 4249 1039 4313 Arcem
1063 4244 1171 4314 Euripi-
