2836 4986
238 473 765 546 METAMORPHOSEON
794 475 892 543 LIB.
919 476 1035 544 VIII.

1133 501 1176 570 ²7

105 619 269 714 Sanguine
289 636 322 692 et
339 617 418 713 igne
435 615 560 690 micant
577 613 687 704 oculi;
705 615 792 710 riget
807 613 909 690 ardua
926 615 1033 690 cervix
1047 645 1055 704 3

104 737 146 807 Et
160 751 238 809 sete
254 733 367 808 densis
385 730 510 807 similes
525 731 705 806 hastilibus
720 730 878 819 horrent3

104 851 263 949 Stantque
282 847 375 922 velut
390 846 530 936 vallum,
548 845 640 922 velut
656 846 722 922 alta
738 845 887 933 hastilia,
905 863 1002 930 setes

103 965 238 1040 Fervida
255 993 331 1038 cum
349 993 450 1041 rauco
467 962 554 1040 latos
570 963 713 1038 stridore
731 991 791 1064 per
805 991 916 1038 armos

102 1083 227 1184 Spuma
241 1083 339 1156 llnit:
356 1081 472 1156 dentes
489 1097 662 1182 sequantur
678 1079 836 1154 dentibus
854 1078 971 1152 Indis:

103 1198 238 1272 Fulmen
255 1198 297 1272 ab
313 1227 370 1272 ore
383 1197 491 1284 venit;
504 1197 642 1272 frondes
656 1195 834 1270 adllatibns
847 1195 974 1270 ardent.

102 1317 133 1387 ls
149 1315 251 1389 modo
270 1314 431 1400 crescenti
449 1330 578 1410 segetes
586 1311 760 1414 proculcat
776 1312 811 1384 in
828 1311 953 1386 herba:

102 1538 208 1584 reanus,
216 1537 266 1588 pro
276 1527 313 1582 et,
323 1519 438 1588 positum
448 1519 546 1588 accipit.
555 1517 614 1570 Lo-

100 1596 229 1662 uaniensis
239 1595 320 1649 habet
330 1607 368 1659 et,
379 1615 435 1649 non
447 1596 615 1650 male-Re-

103 1676 133 1744 gii
146 1675 249 1740 nostri,
262 1677 317 1727 sed.

131 1753 187 1818 284.
206 1755 349 1819 sunguine,
371 1751 482 1818 scilieet,
499 1751 612 1818 suffusi,

102 1829 158 1896 quia
166 1829 235 1884 oculi
244 1829 305 1898 igne
313 1829 457 1882 rubescunt
466 1848 473 1882 :
482 1830 537 1895 Xl,
549 1829 612 1896 368,

101 1911 172 1960 rubra
183 1906 538 1976 suffustlems'rraflemeee5
550 1907 614 1960 AEn.

105 1987 142 2052 ll,
157 2005 221 2052 nro,
232 1987 405 2053 Ardentesque
412 1988 498 2040 oculos
509 1985 617 2053 suffecti

102 2069 532 2133 sanguineasque-ltrgeeardua,
542 2076 614 2120 recta

104 2149 219 2214 eminet,
237 2158 268 2199 nt
281 2147 338 2213 Xl,
356 2146 421 2211 156,
442 2150 507 2213 re'ffet
517 2149 613 2200 aedues

107 2227 214 2278 Tmolus.
226 2251 260 2263 -
269 2224 364 2278 Ardua
374 2243 389 2276 e
398 2223 613 2300 Francolurtensi

103 2305 171 2360 dedit
179 2307 370 2371 Burmannus,
384 2305 446 2374 quia
459 2304 542 2358 ardua
553 2323 614 2358 cer-

104 2385 224 2438 vixobvia
232 2382 302 2453 apud
313 2381 522 2452 poetas-Regii
530 2383 615 2436 nostri

102 2459 198 2514 liabent
216 2464 337 2522 horrida,
358 2459 429 2528 quod
451 2460 613 2528 pretulerim

104 2550 209 2608 propter
225 2558 257 2590 ea
281 2557 340 2606 quar
357 2537 475 2608 proxime
496 2537 565 2590 dicet
581 2538 613 2590 cl.

106 2617 196 2683 Gierrg.
209 2613 300 2668 Ed.—-
308 2615 374 2684 Apri
385 2633 441 2666 non
448 2613 615 2669 habentcer·

103 2692 182 2746 ricem
190 2702 323 2759 erectam,
336 2691 383 2745 sed
392 2693 613 2760 pronam.ltaque

103 2772 284 2839 praetulerim,
310 2771 381 2840 quod
408 2781 504 2840 praeter
527 2789 614 2824 unum

103 2849 180 2904 MSS.
187 2869 284 2904 omnes
292 2849 408 2917 habent,
419 2855 484 2917 niret
493 2851 608 2912 horrida,

103 2942 129 2982 ut
141 2932 210 2984 dura
223 2971 231 2998 ,
250 2931 394 2986 immobilis
405 2931 493 2986 cervix
506 2931 613 2986 indice-

104 3018 142 3080 tur
155 3050 161 3076 ,
188 3009 252 3063 setis
265 3008 451 3064 eminentibus.
470 3011 526 3062 Aut
536 3015 615 3078 rigere

61 3093 64 3100 '
102 3099 225 3142 naturam
247 3100 366 3142 setarum
388 3087 532 3158 exprimit:
547 3107 613 3142 vers.

103 3166 154 3232 428,
164 3169 466 3234 agritsshorrentsesetis.
475 3166 536 3218 Hoc
542 3183 614 3221 surn-

17 3251 18 3274 ²
103 3253 127 3296 to
137 3265 229 3299 versus
241 3245 376 3316 proximus
388 3243 524 3298 delendus.

134 3330 191 3380 285.
205 3329 244 3378 Et
253 3336 314 3378 setoe
325 3329 411 3378 densis
422 3335 471 3378 etc.
486 3326 576 3394 Hujus
588 3334 615 3378 et

104 3405 234 3474 sequentis
254 3406 413 3458 alterutrum
432 3423 542 3458 versum
551 3404 614 3458 'de-

104 3477 210 3534 lendum
219 3501 291 3549 esse,
305 3481 615 3552 apparetprioremim-

17 3581 18 3584 ¹
105 3561 613 3630 probatHeinsius,poster'ioremBurm.

1126 751 1187 806 asa

1128 1347 1176 1402 apo

664 1515 837 1588 (quanquam
846 1514 1176 1582 Homeruscande'dosejus

663 1593 1175 1668 dentesmemorat),sedmagnitudine‚¹

663 1693 718 1727 non
732 1676 805 1727 enim
819 1674 925 1728 laudare
941 1675 997 1728 vult
1010 1674 1114 1737 lerum,
1129 1671 1175 1724 sed

661 1752 816 1806 horribilem
827 1753 983 1808 describere.
996 1752 1085 1816 lutra,
1098 1767 1175 1802 versu

661 1912 790 1971 -Indus‚
802 1908 907 1964 Indicus
918 1918 963 1974 ,ut
970 1909 1089 1968 Maurus,
1099 1906 1176 1958 Mau·

661 1987 747 2055 ricus,
762 1999 810 2041 etc.
821 2016 854 2027 -
868 1987 910 2040 De
918 1987 1030 2055 sutmr'rre
1046 1987 1102 2054 apri
1116 1985 1174 2038 vide

663 2067 731 2134 adl,
748 2070 797 2122 305
809 2068 1097 2136 ;sulme'ue11mosestll
1106 2068 1175 2120 Fast.

663 2149 720 2202 232.
733 2151 813 2204 Nunc
828 2150 908 2219 possis
923 2149 1059 2202 flammam
1075 2169 1089 2200 e
1107 2167 1174 2216 pec-

662 2237 719 2281 tore
737 2229 880 2297 spirantem
900 2227 1045 2296 intelligere
1067 2245 1081 2278 e
1097 2244 1175 2278 versu

662 2306 719 2360 356.
729 2307 769 2358 Ea
775 2309 900 2358 ardebant
902 2303 1017 2372 smerdes.
1027 2303 1098 2356 Ante
1110 2321 1176 2356 oeu-

661 2384 700 2438 los
718 2385 814 2438 Noster
839 2383 928 2438 locum
951 2381 1057 2452 Apuleii
1080 2381 1175 2434 Meta-

661 2461 766 2531 morph.
783 2477 855 2526 vsu,
874 2461 901 2514 iu
914 2459 1089 2529 descriptione
1103 2458 1174 2528 apri,

663 2539 783 2594 babuisse
794 2538 906 2593 videtur.

676 2645 679 2650 ·
696 2635 753 2690 ²9⁰·
765 2620 794 2670 Is
802 2620 876 2670 modo
884 2621 1021 2684 ,crescerem
1032 2616 1097 2669 olim
1107 2635 1175 2670 eres-

661 2693 761 2750 cent'es:
775 2695 901 2750 Heinsius
911 2695 944 2750 de
955 2713 1019 2762 suo,
1034 2701 1172 2758 crescente',·

661 2793 736 2844 posse
757 2785 847 2830 tamen
867 2774 948 2828 etiam
965 2773 1016 2842 legi
1036 2781 1174 2828 crescentes

661 2863 766 2920 segetem
780 2857 957 2920 proculcato
975 2855 1088 2916 derbem
1107 2869 1172 2906 nam

661 2929 820 2984 herbescere
837 2931 866 2984 in
885 2931 1026 2987 nonnullis.
1048 2929 1173 2998 -Regii

661 3010 761 3077 nostri,
781 3021 919 3066 crescentes
932 3047 991 3064 .....
1005 3015 1033 3064 te
1044 3012 1129 3064 derbe.
1140 3035 1174 3048 -·

662 3088 1172 3144 Homerusnonnisiarboresaltaseum

664 3168 795 3222 radicibus
809 3179 836 3222 et
847 3167 956 3222 {loribus
969 3167 1077 3232 excisas,
1091 3165 1175 3218 honri-

662 3265 762 3316 nesqne
784 3247 881 3302 multos
899 3245 1042 3300 trucidatos
1057 3243 1174 3298 breviter

662 3336 802 3380 memorat.
812 3325 914 3378 Confer
919 3322 1174 3394 Apollodorum,ubi

662 3417 704 3471 ets
713 3419 756 3475 ’γῆν
765 3410 862 3478 deespes
871 3409 939 3460 lettre
949 3416 1039 3458 eto-
1048 3407 1179 3457 Crescents'

662 3491 689 3540 s'u
702 3487 796 3548 herba,
809 3495 930 3538 tenerem
942 3492 1067 3553 segetem.
1081 3481 1126 3535 Sic
1137 3491 1175 3536 te·

662 3581 724 3616 nera
733 3567 760 3616 s'n
770 3565 861 3624 herba,
874 3561 1017 3631 Virgilius,
1032 3559 1131 3628 Georg.
1144 3560 1174 3624 l,

105 3636 220 3692 Gronov.
234 3638 300 3692 Obs.
314 3640 433 3706 lll,18,
449 3641 518 3707 coni.
531 3645 616 3694 ealles
665 3661 730 3704 1123
744 3652 771 3694 et
785 3645 876 3708 prom
891 3642 922 3691 in
938 3643 1035 3701 derbe's,
1058 3639 1174 3702 Noster,

105 3717 141 3769 vel
151 3723 224 3772 velli.
237 3745 272 3758 -·
286 3719 386 3788 Regius
405 3719 430 3770 A
445 3739 551 3774 versum
567 3723 615 3774 285
664 3720 700 3784 V,
714 3719 880 3785 idn—Non
889 3718 958 3772 bene
969 3717 1095 3771 Heinsius
1107 3735 1177 3785 pree-

105 3797 207 3865 respuit
222 3825 256 3836 -
269 3797 297 3850 Si
307 3795 365 3850 haec
377 3807 502 3863 tuemur,
521 3801 617 3850 mttere
663 3797 782 3863 serebat,
800 3800 857 3850 Noe
873 3796 915 3850 vel
926 3817 973 3850 uec
987 3807 1100 3857 matera,
1116 3813 1175 3850 eam

17 3879 18 3924 ἶ
105 3875 244 3942 econject.
265 3874 396 3928 Gronovii
415 3874 445 3927 in
463 3879 530 3928 vetti
549 3895 616 3932 mn·
664 3875 1178 3946 quidemobcausum,quodleresnerit

106 3952 219 4008 tandum.
227 3955 309 4008 Forte
315 3955 396 4008 ambo
402 3972 493 4008 versus
500 3953 616 4007 delendi.
666 3955 811 4023 damnum,
824 3955 845 4010 si
854 3968 966 4010 mature.
976 3955 1084 4010 Rectius
1093 3951 1177 4006 inulto

106 4058 134 4070 -
144 4035 237 4100 Spuma
248 4053 318 4103 saepe
330 4034 393 4086 feris
402 4033 474 4087 iratis
486 4034 617 4086 tribuitur.
664 4033 848 4089 Burmannus:
856 4057 869 4082 o
879 4039 954 4090 Nunc
964 4043 1062 4087 matura
1069 4032 1178 4094 retinui,

106 4107 154 4162 Sed
175 4111 273 4165 Noster
289 4131 351 4165 earn
369 4111 430 4164 lacit
442 4111 572 4180 seruilem
590 4121 616 4164 et
665 4113 726 4184 quin
738 4115 824 4182 major
836 4125 863 4168 et
876 4112 1031 4183 presentior
1050 4111 1140 4175 dolor,
1156 4109 1179 4160 si

106 4207 177 4244 reuco
186 4190 477 4246 strutoeedeflnentem.
486 4191 556 4244 Satis
565 4201 618 4244 ter·
664 4191 719 4260 ianr
738 4203 864 4258 matura,
886 4209 945 4262 quse
964 4187 1132 4262 tempestates
1151 4198 1179 4240 et

17 4341 18 4346 Ἰ
106 4263 409 4337 militen-liquantur,
428 4287 484 4322 non
499 4267 615 4324 candore
664 4270 824 4326 calamitates
838 4271 950 4328 evasisse
962 4269 1103 4334 videntur,
1116 4269 1178 4322 tru-
